4275 5759
1334 303 1551 425 Kone
1602 352 1793 426 Eam
1849 353 2210 426 Gmpma.
3329 357 3424 428 89
3469 373 3475 381 ·
3581 351 3590 363 ’

468 624 643 690 ’476.
736 626 1061 698 Clausum
1120 626 1331 689 relicta
1376 628 1589 691 Aseeri
1638 627 1833 688 Haelfh
1882 644 2000 691 sun
2046 628 2315 691 lohanni
2365 629 2613 704 clerico,
2661 626 2788 690 fllio
2835 645 2990 709 suo„
3017 630 3262 710 plenam
3309 646 3426 710 po·
3493 539 3821 698 283233obr.

168 735 409 788 testatem
453 731 733 791 omnium
779 728 1085 792 bonorum
1134 746 1389 792 suorum
1433 732 1497 791 in
1543 731 2119 793 flambrumhaereth
2164 729 2286 792 dat.
2325 765 2402 778 -
2443 730 2512 792 ln
2559 731 2658 792 die
2693 731 3118 810 apostolorum
3143 733 3428 812 Symonis

170 838 215 890 et
250 830 406 892 'nde'
736 916 793 967 0.
830 915 1056 974 Nielsen,
1094 915 1328 980 Samling
1364 917 1420 967 at
1449 915 1759 970 Adkomster
1795 931 1841 968 o.
1882 930 1925 969 s.
1960 932 2007 970 v.
2046 917 2127 970 for
2163 917 2291 970 Ribe
2325 917 2646 983 nomkapltel
2683 919 2734 970 S·
2769 917 2853 971 20-

470 1018 644 1082 5177.
733 1017 1001 1103 B(onoo)
1057 1021 1395 1100 episeopus
1442 1019 1867 1083 sleswicensis
1926 1026 2210 1100 testatur,
2259 1037 2326 1084 se
2371 1021 2606 1084 litteras
2651 1020 2934 1096 Andreoe,
2980 1021 3086 1082 filii
3121 1021 3193 1084 N.
3224 1037 3427 1098 quon·
3531 1020 3714 1073 nocht.

174 1119 283 1179 dam
324 1123 674 1201 camerarii,
734 1122 809 1184 de
864 1122 1049 1184 bonis
1104 1123 1163 1182 in
1212 1121 1492 1201 Rorkyar
1538 1126 1652 1198 (nr.
1698 1121 1871 1187 *461›
1929 1122 2182 1186 vidisse.
2230 1123 2676 1198 --8Ζωεωίοή,
2727 1139 2944 1186 mense
2989 1122 3334 1186 Decembri.

735 1223 793 1274 0.
830 1222 1057 1284 Nlelsen,
1096 1223 1330 1290 Samllng
1366 1225 1421 1276 al·
1452 1224 1761 1276 Adkomster
1796 1239 1843 1276 o.
1882 1238 1924 1276 s.
1962 1239 2009 1276 v.
2046 1226 2127 1278 sor
2167 1224 2296 1278 Rlbe
2331 1225 2650 1290 nomkapltel
2689 1226 2739 1277 S.
2775 1225 2859 1280 20.

472 1326 649 1392 *478.
742 1327 929 1388 Skraa
971 1329 1071 1389 for
1114 1327 1595 1390 Skraedderlavet
1638 1329 1658 1388 i
1704 1327 2127 1408 Rjobenhavn.

737 1427 796 1480 Ο.
832 1429 1057 1490 Nlelsen,
1094 1429 1459 1492 Klabenhavns
1495 1429 1924 1494 Dlplomatarlum
1962 1431 1997 1482 1.
2035 1430 2256 1486 26-28,

476 1530 653 1595 *479.
746 1531 1135 1596 veredietum
1184 1550 1515 1598 mumolum
1562 1533 2101 1614 (Lonoomsnswn),
2152 1534 2318 1613 quod
2364 1540 2543 1615 porta
2587 1533 2662 1595 de
2687 1532 3196 1612 Bisshopesgate,
3249 1547 3432 1610 quam

172 1649 349 1694 eunus
392 1633 679 1696 Diuorum
723 1636 1066 1714 antiquitus
1111 1635 1395 1698 solebant
1440 1638 1747 1700 sustinere
1794 1642 1856 1698 et
1900 1634 2207 1699 debebant
2265 1653 2378 1718 pro
2425 1636 2728 1716 libertate,
2787 1651 2970 1714 quam
3015 1633 3327 1696 habebant
3369 1635 3433 1694 in

171 1735 369 1796 civitate
395 1735 675 1818 London‚
720 1755 890 1800 nune
935 1755 1047 1819 per
1091 1737 1397 1801 defectum
1443 1740 1723 1820 ipsorum
1768 1739 1862 1800 vel
1908 1741 2117 1820 potius
2160 1739 2522 1802 ballivorum
2571 1739 2832 1801 civitatis
2876 1739 3004 1800 fere
3052 1737 3304 1800 corruit.
3357 1770 3430 1779 —

171 1835 387 1898 Edvardi
430 1838 474 1900 l.
522 1855 664 1902 ann.
710 1841 770 1904 3.

734 1941 1095 2007 bappenheim,
1150 1917 1333 1995 Geseb.
1373 1942 1419 1995 d.
1457 1942 1773 1997 hansisehen
1834 1944 2129 1997 Stahlhofes
2178 1947 2232 1995 ln
2279 1943 2524 2006 London,
2578 1942 2811 1996 Urkund.
2849 1943 2900 1994 S.
2938 1942 3019 1997 14.
3121 1937 3435 1992 flanslsehes

733 2027 1068 2081 Urkundenb.
1106 2029 1142 2080 Ι.
1178 2027 1296 2083 262.

458 2129 648 2194 1241.
740 2130 1028 2197 Scriptores
1064 2145 1165 2184 rer.
1203 2132 1543 2185 Sueelearum
1578 2132 1636 2184 11.
1672 2131 1892 2187 58—59.
1964 2131 2218 2198 Rydberg,
2259 2134 2478 2197 Sverges
2514 2133 2782 2184 Traktnter
2820 2132 2855 2182 l.
2891 2130 3008 2185 270.

1244 2378 1467 2460 1275
1532 2379 1661 2461 vel
1731 2378 2336 2462 1282—1285.
2663 2397 2666 2401 ’
3579 2397 3747 2463 1275

469 2523 644 2590 *480.
736 2525 893 2588 Brev
939 2543 1039 2587 om
1082 2523 1234 2607 Bisp
1273 2527 1542 2590 Herman
1590 2529 1655 2590 af
1698 2528 1879 2590 sssels
1917 2545 1997 2605 og
2042 2527 2335 2604 Leetgast
2377 2524 2810 2588 Hevedsmand
2857 2526 2874 2586 i
2919 2523 3144 2586 Revals
3189 2521 3432 2585 Marke—
3469 2481 3878 2538 'eum'mffi'

174 2627 582 2705 skjaelsridning
628 2628 895 2690 imellem
944 2629 1146 2691 Stiftet
1192 2629 1341 2691 sssel
1388 2647 1467 2708 og
1511 2631 1787 2694 Ronanus
1836 2630 2065 2692 Laude.
2118 2665 2194 2674 —
2246 2629 2412 2690 Uden
2458 2632 2598 2691 Aar.

735 2730 997 2794 Plattydsk
1031 2745 1095 2795 og
1130 2731 1305 2784 Latin:
1344 2732 1548 2796 Bunge,
1596 2733 1753 2794 Liv.-‚
1802 2732 1977 2785 Esth.-
2014 2745 2066 2782 u.
2117 2732 2525 2783 Curliindisehes
2571 2730 2906 2782 Urkundenb.
2953 2729 3034 2780 lll.
3086 2726 3290 2781 71—-74
3334 2727 3435 2790 (om

733 2816 895 2867 Tiden
934 2830 991 2869 se
1027 2817 1184 2868 sstds.
1223 2816 1483 2882 Regesten
1522 2819 1573 2870 S.
1610 2819 1711 2884 30).

1487 3062 1711 3147 1275
1728 3109 1825 3122 -—
1846 3065 2093 3148 1280.
3475 3068 3875 3136 1275-1280.

472 3211 647 3276 *481.
740 3213 893 3274 Acta
937 3229 1199 3275 εΑΡιτυιι
1249 3229 1650 3278 noviacum
1699 3232 1931 3277 onulfus
1981 3230 2423 3277 Pnsoicnonn.
2480 3247 2544 3256 -
2602 3209 2744 3272 Sine
2791 3225 2978 3271 auno.

738 3313 943 3366 Brudst.
980 3317 997 3365 i
1036 3314 1309 3367 Kirkehlst.
1350 3317 1509 3368 Sami.
1552 3316 1589 3368 l.
1624 3316 1875 3371 559—62.

1652 3544 1813 3628 127
1822 3545 1901 3628 6.
2429 3501 2438 3511 ’
3564 3547 3749 3614 1276.

476 3693 647 3759 *482
737 3695 971 3756 Wizmn
1016 3691 1400 3756 Ruianorum
1448 3695 1747 3774 principis
1795 3694 2085 3778 diploma,
2134 3709 2259 3771 quo
2303 3690 2684 3752 monasterio
2730 3686 2924 3767 Hylda
2966 3686 3437 3767 possessionem
3509 3693 3591 3749 13.
3628 3694 3810 3746 Martii.

168 3798 319 3854 term
361 3793 632 3859 Redewiz
681 3795 1027 3858 confirmat.
1119 3795 1285 3857 lnter
1328 3801 1524 3859 testes
1571 3799 1953 3859 nominatur:
2014 3794 2304 3858 dominus
2350 3796 2626 3857 Annam
2677 3809 2745 3854 ns
2789 3789 3188 3867 Bommnow,
3235 3788 3436 3848 miles.

172 3929 227 3938 —
270 3899 641 3976 Gripeswold,
694 3901 876 3962 tertio
920 3899 1076 3977 ydus
1122 3899 1363 3979 Marcii,
1408 3899 1469 3960 in
1517 3900 1789 3961 erastino
1834 3898 1998 3961 beati
2045 3898 2347 3975 Gregorii.

736 4001 911 4062 Liseh,
948 4000 1179 4052 Urkund.
1216 4013 1309 4052 zur
1347 4000 1535 4052 Geseh.
1574 4001 1621 4052 d.
1660 4000 1999 4052 Gesohleebts
2024 3998 2157 4051 Belu·
2194 4001 2227 4050 1.
2267 3997 2518 4053 133—34.
2576 3997 2860 4056 Fabricius,
2897 3993 3130 4046 Urkuntl.
3170 4006 3212 4043 z.
3250 3991 3437 4043 Geseh.

737 4086 947 4151 Rfigens
984 4087 1068 4147 111,
1105 4087 1155 4140 2.
1194 4087 1244 4138 S.
1282 4085 1500 4142 23—24.
3065 4083 3068 4088 ’

466 4189 630 4255 1244
674 4207 745 4254 se
788 4189 964 4255 *485.
3505 4171 3555 4295 g.
3591 4170 3831 4293 agag-el

468 4360 645 4428 1245,
738 4315 1032 4422 Fabricius,
1070 4361 1353 4414 Urkunden
1392 4377 1433 4412 z.
1472 4361 1656 4414 Geseh.
1696 4361 1907 4424 misens
1943 4361 2028 4422 ΙΙΙ,
2066 4360 2113 4412 2.
2155 4361 2205 4412 S.
2243 4358 2460 4414 24-25.
2533 4357 2838 4421 nrudstykk.
2876 4359 2893 4406 l
2929 4351 3438 4418 ueklenburgisches
3507 4360 3590 4416 28,
3627 4360 3760 4422 nan,

733 4447 1068 4500 Urkuntlenb.
1105 4447 1165 4499 11.
1204 4446 1321 4501 539.

472 4549 648 4616 *483.
738 4549 1029 4634 Hamus)
1076 4552 1413 4632 episeopus
1462 4548 1899 4614 Roskildensis
1956 4550 2276 4630 privilegia
2331 4555 2390 4612 et
2443 4547 2757 4610 libertates
2818 4545 3036 4607 decani
3083 4550 3144 4606 et
3188 4541 3437 4622 capituli
3515 4549 3598 4604 23.
3634 4549 3792 4600 Junn.

167 4648 461 4716 narnensis
520 4653 845 4718 confirmat
890 4655 1089 4732 iisque
1149 4643 1457 4734 coneedit,
1504 4660 1571 4715 ut
1615 4655 2059 4732 possessiones
2104 4670 2319 4716 eorum
2367 4652 2692 4730 universae,
2749 4648 2944 4727 fundi,
2992 4646 3173 4710 villici
3221 4651 3282 4706 et
3326 4660 3438 4706 eo-

166 4751 267 4816 loni
306 4773 374 4818 ac
420 4764 623 4820 cetera
668 4773 885 4820 eorum
930 4758 1160 4820 familia
1203 4774 1240 4820 a
1284 4759 1415 4820 suis
1464 4757 1889 4820 exactionibus
1946 4763 2008 4818 et
2043 4755 2290 4835 jnribus
2337 4754 2630 4818 omnibus
2676 4753 2869 4815 libera
2913 4752 3041 4820 sint
3082 4749 3331 4831 penitus
3379 4752 3440 4808 et

166 4867 426 4940 exempta.
472 4896 555 4908 —
598 4860 966 4948 Ηῃοῄήοζηῑ,
1012 4861 1075 4922 in
1120 4861 1326 4938 vigilia
1367 4860 1529 4922 beati
1575 4859 1880 4922 Johannis
1924 4858 2214 4938 baptiste.

737 4963 980 5024 Ilerdam,
1018 4961 1385 5025 stbenbavns
1419 4962 1599 5013 Kirker
1636 4975 1699 5026 og
1734 4959 1955 5022 Klostre,
1993 4961 2107 5012 Tlll.
2147 4962 2197 5013 S.
2235 4959 2384 5014 3——4.

466 5067 644 5132 *484
734 5066 1185 5148 Nomentanus)
1228 5066 1596 5128 Lubieensis
1644 5064 1925 5128 ecelesiae
1963 5067 2303 5146 episcopus
2342 5061 2746 5142 eiusdemque
2782 5058 3064 5122 ecelesiae
3101 5053 3436 5134 capitulum
3508 5053 3554 5107 1.
3593 5053 3800 5104 octobr.

168 5164 539 5246 indulgentias
595 5171 671 5232 ab
732 5165 1099 5249 quibusdam
1161 5171 1475 5250 episeopis
1534 5170 1641 5248 iis,
1708 5171 1811 5246 qui
1874 5185 1942 5229 se
1999 5168 2073 5229 ad
2136 5166 2679 5229 exaediflcatiouem
2743 5161 3024 5226 ecclesiae
3069 5157 3436 5221 Lubieensis

268 5289 461 5356 Regest.
498 5291 627 5344 Dan.
664 5289 726 5341 11.
766 5289 876 5342 Ser.
913 5289 950 5340 1.
3033 5279 3102 5334 12
