4275 5759
792 334 940 407 260
1895 324 2107 403 ΚΟΝΘ
2169 322 2561 400 Vsum-,ma
2614 324 3012 397 ATTERDAG.

476 500 664 567 1342.

787 606 1099 686 promissa
1123 621 1258 683 sua,
1291 603 1638 667 Cristoforo
1677 617 1820 679 rege
1845 600 2037 662 Dacie
2070 618 2103 661 e
2144 616 2340 677 regno
2380 599 2661 679 expuISO,
2698 597 2861 677 data,
2900 600 3067 661 cives
3105 598 3180 661 de
3201 598 3521 663 Rozstoch
3558 602 3620 661 in
3650 618 3909 679 regnum
3939 603 4135 667 Dacie

787 708 1107 771 venientes
1165 709 1628 788 captivaverunt
1685 704 1975 781 bonaque
2034 720 2251 766 eorum
2314 703 2755 783 spoliaverunt.
2819 736 2887 746 —
2940 701 3257 781 Rozstock,
3317 704 3377 763 in
3436 704 3716 783 profesto
3772 704 3835 767 h.
3886 706 4137 769 Nicolai

788 811 1070 891 episcopi
1119 816 1180 871 et
1224 811 1634 872 confessoris.
2133 864 2139 869 ,

1404 909 1741 963 urkundenb.
1788 907 1836 959 d.
1889 907 2297 993 stadt-Lubeck
2342 908 2403 959 ll.
2450 904 2703 961 705—12.
2794 905 3307 971 Meklenburglsches
3354 908 3694 961 urkundenb.
3739 910 3819 962 IX.
3868 910 4134 965 421-28.

1403 995 1710 1059 Brudstykk.
1749 996 1766 1044 l
1804 995 1861 1046 Ο.
1894 992 2126 1055 Nlelsen‚
2166 993 2536 1055 Kjebenhavns
2573 992 3006 1056 Dlplomatarlum
3043 992 3081 1044 1.
3118 992 3339 1048 82-83.

374 1102 494 1156 '21.
533 1101 716 1153 necbr.
1009 1083 1020 1093 ’
1093 1099 1312 1165 ’1829
1405 1082 1720 1163 cbssuum
1785 1096 2282 1159 Rozsroxssswu
2350 1095 2426 1157 ad
2496 1095 2794 1158 consules
2864 1098 2924 1155 in
2982 1094 3233 1159 Lubeke
3289 1097 3538 1176 litterae,
3609 1099 3836 1176 quihus
3902 1098 3981 1161 ab
4054 1102 4135 1161 iis

787 1208 1029 1282 petunt,
1067 1208 1137 1265 ut
1170 1200 1537 1265 concivibus
1575 1201 1730 1278 suis,
1766 1199 2037 1261 Iohanni
2073 1204 2135 1261 et
2157 1199 2516 1260 Hermanno
2541 1197 2880 1260 Wokrente
2918 1206 3101 1276 atque
3138 1200 3435 1262 Henneke
3470 1200 3709 1281 Bornit,
3748 1203 3903 1265 duas
3934 1202 4136 1264 lastas

787 1307 1112 1384 allecium,
1174 1305 1249 1366 ab
1310 1304 1512 1366 classe
1563 1303 1902 1365 Lubicensi
1957 1307 2205 1382 captas,
2264 1304 2625 1379 restituant,
2691 1318 2877 1380 quum
2929 1302 3059 1377 jam
3119 1308 3262 1364 ante
3319 1310 3566 1383 tempus
3623 1305 4005 1384 prohibitum
4070 1309 4135 1366 in

788 1414 953 1471 terra
1000 1409 1266 1472 Schanie
1314 1408 1558 1470 salsatae
1607 1407 1752 1467 sint.
1805 1440 1876 1450 —
1929 1404 1997 1465 ln
2044 1404 2143 1468 die
2188 1404 2249 1465 b.
2297 1404 2537 1466 Thome
2584 1403 2871 1484 apostoli.

1403 1508 1742 1562 urkundenb.
1790 1507 1839 1558 d.
1887 1506 2037 1559 Stadt
2079 1506 2295 1559 Lubeck
2335 1508 2398 1558 ll.
2447 1505 2565 1560 714.
2648 1506 2778 1572 mpl.
2816 1505 3063 1565 Svecan..
3112 1507 3191 1559 ed.
3240 1510 3294 1560 B.
3322 1508 3381 1559 Ε.
3410 1508 3729 1561 Hildebrand
3772 1510 3830 1562 V.
3871 1511 4135 1567 139—40.

1404 1594 1919 1659 lieklenburglsches
1954 1593 2295 1646 urkundenb.
2334 1593 2415 1644 lx.
2452 1591 2571 1647 434.

407 1704 491 1757 24.
531 1704 718 1757 θεῶν.
1093 1698 1312 1766 *1830.
1405 1698 1720 1761 Consonus
1777 1696 2277 1760 Rozsroxsusiun
2317 1695 2423 1786 ‘ad
2491 1694 2787 1758 consules
2855 1698 2919 1757 in
2988 1695 3235 1758 Lubeke
3304 1699 3552 1778 litterae,
3622 1701 3849 1779 quibus
3916 1702 3995 1763 ab
4056 1704 4135 1763 iis

787 1811 1037 1885 petunt,
1109 1809 1177 1866 ut
1243 1801 1606 1864 concivibus
1677 1801 1810 1861 suis
1869 1798 2053 1862 Petro
2121 1798 2513 1878 Brothagen,
2582 1797 2977 1860 Godschalco
3044 1799 3312 1863 Vridach
3384 1819 3457 1863 ac
3526 1804 3783 1866 Nicolao
3852 1804 4137 1880 Wegher

787 1912 1077 1985 quattuor
1123 1907 1314 1971 lastas
1361 1909 1425 1967 et
1467 1903 1622 1966 duas
1667 1907 1897 1965 tunnas
1942 1901 2265 1980 allecium,
2322 1900 2398 1962 ab
2446 1902 2788 1980 capitaneis
2836 1900 3060 1963 classis
3107 1904 3417 1966 civitatum
3468 1912 3713 1985 captas,
3772 1908 4134 1984 restituant,

788 2028 976 2089 quum
1015 2026 1124 2073 eas
1161 2013 1302 2070 ante
1333 2014 1580 2086 tempus
1615 2004 1997 2085 prohibitum
2034 2006 2096 2065 in
2133 2009 2298 2066 terra
2322 2004 2587 2066 Schanie
2628 2003 3013 2066 salsaverint.
3048 2040 3114 2049 —
3152 2006 3218 2065 ln
3256 2008 3459 2083 vigilia
3494 2010 3825 2071 nativitatis
3850 2010 4133 2071 Domini.

1397 2106 1738 2165 urkundenb.
1777 2106 1827 2158 d.
1865 2106 2016 2157 Stadt
2049 2106 2264 2158 Lubeck
2299 2106 2359 2157 u.
2400 2104 2653 2160 714—15.
2729 2106 3241 2170 Meklenburglsches
3278 2108 3613 2163 urkundenb.
3656 2111 3735 2162 lx.
3772 2110 3892 2166 434.

487 2217 672 2269 Deobr.
1095 2213 1310 2278 *1831.
1403 2212 1807 2291 Querimonie
1868 2211 2200 2273 consulum
2260 2214 2322 2271 et
2387 2209 2805 2272 universitatis
2876 2211 3142 2272 civitatis
3190 2188 3619 2277 'Srmssssusu
3688 2214 3763 2277 de
3820 2215 4009 2277 honis
4074 2219 4139 2277 in

787 2316 1173 2379 districtibus
1232 2316 1478 2378 comitis
1524 2314 1829 2376 Johannis
1886 2312 1963 2375 de
2009 2313 2361 2393 Holtzacia,
2426 2319 2490 2374 et
2543 2314 2606 2374 in
2652 2314 2968 2376 Holtzacia
3025 2319 3087 2375 et
3143 2315 3206 2375 in
3251 2316 3479 2395 Dania,
3537 2316 3777 2379 ablatis.
3842 2354 3916 2362 —
3982 2322 4137 2380 Sine

786 2437 950 2482 ³⁰⁰⁰
999 2427 1059 2481 et
1105 2420 1225 2481 (Μ’
1399 2501 1740 2554 urkunaenh.
1761 2500 1811 2552 a.
1833 2500 1982 2552 stadt
1999 2500 2214 2552 Lahock
2230 2499 2291 2551 11.
2312 2500 2602 2557 1014—16.
2668 2502 2725 2553 o.
2748 2502 2975 2562 meissen.
3000 2502 3367 2564 musonianus
3389 2503 3877 2568 mp10matartum1.
3898 2506 4133 2561 83-84.

485 2609 670 2661 nocht.
1093 2606 1311 2671 *1832
1401 2605 1725 2668 Emensus
1792 2604 2169 2682 Klageskrift
2232 2604 2379 2666 mod
2447 2604 2521 2666 de
2591 2605 2953 2667 holstenske
3016 2607 3275 2683 Grever,
3346 2606 3520 2669 hvori
3587 2609 3849 2671 omtales
3908 2610 4131 2689 Fugle,

786 2708 994 2789 kjobte
1040 2713 1061 2771 i
1109 2708 1622 2787 Hertugdemmet
1667 2708 1905 2785 slesvig
1951 2709 2017 2768 af
2053 2707 2435 2769 Falkeneren
2480 2708 2799 2788 AEgidius‚
2848 2726 2929 2787 og
2977 2709 3339 2771 holstenske
3387 2708 3689 2789 Riddere‚
3738 2729 3876 2774 som
3924 2713 4129 2791 droge

786 2814 928 2876 med
975 2816 1133 2877 Grev
1180 2814 1331 2876 Gert
1373 2812 1441 2872 til
1488 2810 1820 2871 Danmark.
1881 2846 1938 2855 --
1999 2810 2172 2872 uden
2218 2815 2340 2873 Aar
2384 2828 2465 2887 og
2512 2812 2666 2888 Dag.
3744 2813 4136 2893 (Plattydsk.}

1403 2912 1743 2965 Urkundenh.
1782 2912 1830 2963 d.
1869 2912 2019 2965 Sladt
2053 2912 2267 2965 Luheck
2302 2911 2380 2963 Ν.
2417 2912 2639 2967 29—34.

1096 3016 1314 3084 *1833
1406 3016 1608 3094 Psrm,
1656 3014 2010 3079 Lundensis
2058 3016 2539 3098 archiepiscopi,
2587 3016 2660 3078 ad
2710 3017 3007 3079 Ottonem
3052 3017 3275 3079 ducem
3323 3015 3399 3078 de
3446 3018 3768 3081 Brunswik
3814 3027 3879 3082 et
3914 3020 4133 3083 Lune-

783 3122 984 3199 borgh
1039 3122 1289 3198 litterae,
1350 3121 1412 3181 in
1469 3119 1695 3198 quihus
1744 3118 1996 3196 scribit,
2058 3135 2127 3180 se
2184 3134 2221 3178 a
2274 3136 2422 3194 rege
2470 3118 2703 3182 Swecie
2749 3119 3230 3181 declarationem
3279 3122 3625 3200 recepisse,
3688 3122 3851 3200 quod
3916 3126 4135 3187 nullos

785 3228 1168 3286 mercatores
1229 3225 1352 3284 nisi
1409 3223 1584 3302 ipsos
1642 3220 1718 3283 de
1765 3220 2162 3300 Hamhorgh,
2221 3220 2460 3302 Lyhek,
2518 3222 2825 3302 Wismar,
2888 3221 3193 3301 Rozstok,
3252 3223 3613 3286 Stralesund
3672 3232 3735 3285 et
3783 3226 4135 3305 Gripswald

788 3325 1070 3404 impediri
1119 3328 1355 3388 fecerit.
1407 3360 1482 3369 -
1534 3324 1784 3403 Lundis,
1835 3326 1970 3384 sine
2017 3339 2204 3385 anno.

1404 3425 1728 3484 Sudendorf‚
1777 3424 2211 3477 urkundenbuch
2248 3440 2290 3475 z.
2330 3426 2642 3478 Geschlchte
2688 3427 2736 3477 d.
2779 3428 3003 3491 Herzoge
3039 3442 3087 3478 v.
3128 3429 3532 3494 Braunschwelg
3570 3443 3621 3480 u.
3660 3430 3947 3495 Luneburg
3987 3431 4047 3482 ll.
4088 3434 4136 3487 1.

1405 3510 1746 3564 urkundenb.
1785 3512 1834 3562 d.
1873 3511 2022 3563 stadt
2058 3511 2273 3563 Lubeck
2310 3510 2387 3563 lV.
2424 3512 2507 3565 29.
2580 3513 3096 3579 Meltlenburgisches
3132 3513 3469 3565 Urkundenb.
3510 3514 3589 3565 lx.
3626 3515 3744 3569 406.

465 3701 670 3767 1342?
2326 3676 2597 3789 1342?

1099 3872 1317 3937 Ἰ1834.
1407 3872 1720 3936 Hannone!
1766 3873 1978 3933 militis
2026 3872 2101 3936 de
2149 3871 2377 3935 Psssss
2422 3873 2496 3934 ad
2544 3875 2844 3936 consules
2889 3876 3154 3937 civitatis
3198 3872 3449 3938 Lubeke
3494 3876 3733 3954 litterae,
3786 3879 3847 3939 in
3898 3879 4139 3956 quibus

789 3992 1020 4054 pecora
1068 3982 1130 4037 et
1175 3992 1374 4053 equos
1421 3976 1660 4053 aliquot
1704 3983 2173 4053 commemorat,
2235 3994 2371 4054 quae
2417 3975 2739 4039 Iohannes
2792 3977 3059 4038 famulus
3106 3978 3313 4041 dictus
3357 3979 3433 4039 de
3482 3977 3838 4042 Cotzebode
3886 3982 4007 4043 sibi
4054 3981 4139 4045 de

794 4078 984 4140 Dacia
1031 4078 1146 4141 sub
1196 4079 1512 4183 conductu
1560 4085 1622 4140 et
1667 4081 2000 4141 securitate
2037 4080 2346 4139 comitum
2398 4079 2697 4141 Holtzatie
2745 4081 3001 4141 miserit.
3052 4114 3130 4125 —
3181 4081 3325 4143 Sine
3370 4096 3558 4143 anno.

1407 4180 1747 4233 urkundenb.
1786 4182 1832 4233 d.
1871 4180 2020 4231 stadt
2054 4180 2268 4232 Lubeck
2304 4180 2339 4232 l.
2382 4180 2618 4236 686-87
2665 4181 2817 4247 (hvor
2854 4184 3073 4247 urlgtlgt
3104 4183 3319 4235 henfert
3349 4183 3410 4235 tu
3449 4183 3823 4239 1247-1261).
3900 4186 4139 4238 Menen-

1407 4266 1718 4331 hurgisches
1753 4267 2089 4318 urkundenb.
2126 4265 2209 4317 lx,
2247 4266 2365 4321 405.

479 4436 668 4502 1343.
2362 4444 2612 4526 1343.

423 4607 471 4659 2.
509 4607 722 4660 Januar.
1099 4608 1320 4674 *1835
1413 4610 1695 4686 Missus,
1745 4607 2021 4686 Norges,
2073 4611 2359 4688 Sveriges
2406 4628 2487 4689 og
2535 4610 2810 4673 Skaanes
2857 4612 3108 4690 Konge,
3164 4613 3403 4676 melder
3446 4614 3777 4676 Benderne
3824 4616 3843 4673 i
3894 4615 4136 4679 Warno

793 4732 874 4791 og
919 4712 1100 4774 Wala
1145 4712 1505 4790 Skibreder,
1565 4716 1628 4771 at
1683 4711 1804 4771 han
1863 4713 1977 4773 har
2030 4713 2193 4789 givet
2248 4712 2642 4775 Kannikerne
2700 4716 2814 4776 ved
2869 4714 3279 4778 Mariekirken
3339 4720 3358 4777 i
3404 4717 3559 4779 Oslo
3614 4717 3734 4778 den
3795 4718 4135 4795 kongelige

796 4814 1174 4892 Bordleding
1221 4815 1340 4875 hos
1386 4814 1549 4891 dem,
1599 4830 1732 4875 som
1782 4814 1858 4875 (le
1895 4815 2103 4877 dei-ior
2137 4816 2287 4878 hver
2319 4817 2479 4879 Hest
2523 4834 2604 4893 og
2642 4820 2801 4879 Vaar
2836 4818 3033 4881 skulle
3068 4819 3185 4898 yde
3222 4818 3634 4882 Kannikerne.
3682 4854 3767 4866 -—
3813 4820 3863 4879 A
3908 4820 4132 4881 Ward-

793 4916 1024 4995 boerylts
1065 4916 1233 4995 kmi,
1292 4916 1692 4994 porsdaghon
1751 4922 1948 4977 naesta
1993 4918 2120 4979 flrir
2168 4921 2507 4999 praettande
2555 4920 2715 4998 dagh
2756 4923 2885 5001 jola
2932 4940 3003 4983 aa
3048 4922 3282 4985 xxllll.
3331 4940 3433 4985 are
3485 4925 3633 4984 rikis
3680 4941 3841 4985 vars.

3852 5026 4135 5103 (Nol-sk.)

1413 5104 1744 5173 Dlplomatar.
1782 5106 1999 5169 Norveg.
2036 5106 2095 5158 n.
2133 5106 2251 5163 210.
