4275 5759
1316 376 1534 447 Kone
1588 374 1987 447 VALm-:MAR
2038 375 2438 445 ATTERDAG.
3391 380 3539 450 315

3667 544 3847 611 1357.

222 654 477 729 Virginis
532 653 755 717 Hamis
804 654 947 731 jure
1003 655 1308 731 perpetuo
1364 648 1813 729 possidendum
1872 649 2135 711 confert.
2195 684 2278 695 -
2333 648 2663 712 Dominica
2705 666 2880 728 prox.
2927 657 3075 730 post
3129 649 3540 730 epyphaniam

222 757 471 817 Domum.
819 839 1066 899 Rei-dam,
1104 838 1472 900 Kiebenhavns
1508 838 1691 889 Kirker
1726 850 1791 901 og
1829 838 2082 897 mosten-s,
2120 837 2237 889 Tul.
2276 838 2328 889 S.
2357 835 2578 891 15-16.

506 977 729 1042 *2286.
821 976 1070 1041 MAssus
1119 993 1225 1037 rex
1271 976 1526 1055 Swecie‚
1574 975 1901 1051 Norwegie
1947 980 2007 1036 et
2053 976 2276 1036 Scanie
2325 980 2388 1036 et
2423 974 2641 1037 Emcus
2689 976 2826 1053 eJus
2871 978 3325 1055 primogenitus
3372 976 3538 1036 litem
3614 974 3694 1028 14-
3732 975 3945 1027 sanuar.

224 1098 383 1142 suam
428 1082 493 1142 in
538 1082 859 1142 Albertum
907 1079 1131 1141 ducem
1177 1079 1736 1157 Magnopolensem
1784 1084 1846 1139 et
1890 1078 2184 1139 Aluerum
2230 1076 2546 1139 Holstacie
2595 1079 2885 1139 comitem
2932 1077 3197 1139 arbitros
3245 1093 3539 1156 compro-

222 1184 475 1245 mittunt.
524 1218 603 1229 —
652 1182 927 1259 Ludosie,
976 1180 1233 1243 sabbato
1279 1197 1453 1260 prox.
1516 1186 1663 1261 post
1707 1184 1957 1242 octavas
2003 1178 2389 1258 Epyphanie.

820 1282 995 1347 styffe,
1035 1282 1219 1347 Bidrag
1254 1282 1336 1334 till
1372 1282 1791 1334 Skandinsviens
1826 1282 2049 1334 historia
2084 1282 2121 1333 1.
2159 1280 2378 1337 33—34.

515 1404 737 1471 *2287.
828 1405 1141 1467 Amemus
1200 1404 1321 1466 dux
1364 1402 1879 1483 Magnopolensis
1939 1420 2005 1463 se
2062 1402 2137 1463 ad
2199 1402 2584 1479 quittandum
2632 1403 2880 1464 Ericum
2932 1403 3164 1464 Swecie
3212 1409 3272 1463 et
3319 1403 3540 1464 Scanie
3609 1401 3694 1456 25.
3729 1402 3942 1453 lanuar.

224 1525 419 1584 regem
467 1508 543 1569 de
589 1509 950 1586 quingentis
997 1508 1225 1568 marcis
1272 1507 1515 1583 argenti
1560 1504 1638 1566 ad
1686 1505 2035 1585 Adolphum
2082 1506 2375 1583 comitem
2421 1504 2738 1567 Holtsacie
2787 1504 2862 1566 de
2910 1505 3157 1567 teloneo
3204 1507 3264 1565 in
3305 1506 3542 1567 Scaner

225 1610 329 1670 sibi
376 1629 445 1672 ex
491 1612 679 1673 certis
726 1611 934 1671 causis
982 1608 1275 1689 deputato
1323 1608 1572 1687 obligat.
1620 1642 1702 1653 —
1750 1606 2186 1687 Wardhberqis,
2233 1607 2332 1670 die
2359 1614 2664 1669 convers,
2717 1626 2766 1669 s.
2818 1606 3009 1669 Pauli.

823 1710 1127 1775 Brudstykk.
1182 1715 1201 1762 1
1252 1710 1541 1775 Liuegren,
1609 1711 1955 1774 Forteckning
2020 1711 2165 1762 orver
2229 1722 2293 1761 en
2357 1711 2583 1773 samling
2647 1710 2703 1760 at
2749 1710 3021 1774 permbret
3068 1712 3148 1762 uti
3199 1710 3540 1774 Engestroms

820 1796 1111 1849 bibliotbek
1150 1797 1202 1849 S.
1230 1795 1383 1850 8-9.

509 1917 728 1984 *2288.
820 1918 1039 1980 Eamus
1098 1916 1413 1979 Sweorum
1470 1933 1577 1979 rex
1631 1932 1703 1978 ac
1762 1917 2053 1978 dominus
2110 1922 2292 1977 terrae
2351 1916 2572 1978 Scanie
2642 1921 3053 1995 protestatur,
3125 1934 3193 1978 se
3256 1915 3540 1995 Adolpho
3610 1918 3694 1971 26.
3730 1916 3944 1966 sannar.

227 2022 423 2082 comiti
464 2021 777 2085 Holtsacie
824 2023 885 2081 in
934 2022 1294 2099 quingentis
1340 2020 1568 2081 marcis
1616 2020 1953 2096 obligatum
2001 2037 2167 2099 esse,
2214 2021 2663 2099 promittitque,
2713 2036 2782 2080 se
2829 2019 3220 2080 medietatem
3268 2019 3332 2078 in
3378 2018 3541 2080 festo

228 2123 457 2185 Martini
497 2126 775 2205 proxime
830 2128 1124 2201 venturo,
1184 2124 1483 2200 reliquam
1540 2123 1933 2184 medietatem
1992 2124 2056 2184 in
2112 2124 2233 2183 aiio
2289 2123 2452 2185 festo
2497 2122 2744 2185 Martini
2805 2124 3084 2200 proxime
3133 2122 3541 2200 subsequenti

230 2228 283 2286 in
326 2227 541 2289 Scania
583 2228 1051 2306 persoluturum
1099 2242 1261 2287 esse.
1318 2260 1387 2271 —
1442 2226 1619 2303 Apud
1660 2232 1919 2286 castrum
1961 2225 2385 2304 Ψανάὴῠενρή,
2444 2227 2718 2287 crastino
2765 2225 3198 2287 conversionis
3245 2243 3297 2285 s,
3345 2224 3538 2286 Pauli.

822 2328 1121 2387 mehelsen,
1162 2327 1753 2391 Urkundensammlung
1790 2327 1847 2379 11.
1886 2327 2001 2381 234.

535 2448 729 2515 2407,
817 2448 989 2513 Tydsk
1024 2449 1201 2499 Overs.
1238 2452 1259 2499 i
1292 2447 1645 2512 westphalen,
1684 2448 2023 2499 Monumenta
2057 2448 2139 2499 ΙΙΙ.
2177 2447 2416 2503 336—37
2453 2462 2516 2513 og
2554 2452 2571 2502 Ι
2608 2449 2862 2501 zeitschr.
2900 2448 2934 2499 f.
2959 2446 3540 2511 Schleswig-flolstein-
3609 2447 3658 2503 5.
3697 2448 3844 2500 Febr.

820 2534 1055 2586 Lauenb.
1093 2534 1277 2585 Gesch.
1318 2534 1401 2594 vl,
1442 2532 1644 2598 Repert.
1684 2535 1734 2585 S.
1768 2534 1883 2588 113.
3527 2554 3534 2561 ·

512 2653 729 2720 *2289.
820 2655 1077 2716 Prioreu
1138 2656 1155 2715 i
1218 2654 1461 2718 ODRNSB
1516 2659 1879 2735 pantsaetter
1935 2654 2254 2717 Bernardo
2303 2655 2550 2735 Fichte,
2611 2656 2845 2734 issam-k,
2905 2656 3003 2717 for
3058 2662 3121 2716 to
3167 2654 3339 2717 Mark
3398 2659 3542 2733 purt
3612 2654 3693 2709 12.
3730 2652 3942 2719 Aptius.

236 2756 362 2816 Salv
404 2774 475 2819 en
523 2757 720 2819 Gaard
770 2756 1030 2836 Kiiltorp
1077 2775 1156 2835 og
1204 2775 1283 2819 en
1329 2757 1544 2819 Grund
1590 2757 1795 2818 kaldet
1838 2756 2179 2834 Kolgorgh.
2227 2792 2310 2801 —-
2357 2759 2591 2836 Quarto
2639 2759 2737 2821 die
2783 2758 3062 2821 Paschae.

818 2858 933 2911 Udt.
970 2862 989 2910 i
1025 2860 1515 2920 vedebsimonsen,
1553 2859 1739 2924 Bldrag
1776 2859 1837 2911 tn
1874 2858 2081 2911 Odense
2120 2860 2218 2925 Bys
2255 2861 2482 2913 Histoi-le
2518 2863 2554 2921 Ι,
2590 2862 2638 2915 2.
2681 2863 2730 2913 S.
2759 2860 2842 2915 51.

512 2978 729 3044 *229o.
824 2982 1165 3060 ussurus,
1216 2979 1338 3041 dux
1382 2979 1878 3061 Magnipolensis
1924 2996 1997 3041 ac
2046 2980 2514 3057 Stargardensis
2562 2988 2624 3043 et
2668 2980 2908 3045 Rostok
2958 2981 3270 3057 dominus,
3319 2996 3539 3040 mona·
3613 2980 3693 3035 15.
3731 2978 3940 3045 Aprilis.

239 3082 403 3141 sterio
454 3098 735 3144 sororum
787 3082 1119 3159 Skeningie
1178 3083 1428 3143 totalem
1488 3090 1759 3163 partem,
1819 3085 2099 3144 consorti
2159 3101 2286 3145 suae
2345 3086 2409 3144 in
2453 3084 2638 3145 bonis
2683 3084 2928 3147 Hamaer
2974 3090 3035 3145 et
3079 3083 3350 3144 Farthaes
3395 3088 3542 3161 post

238 3188 469 3245 mortem
516 3184 782 3262 Haquiui
828 3192 889 3246 et
932 3184 1158 3247 Kanuti
1205 3185 1433 3247 ducum
1482 3185 1793 3264 quondam
1843 3185 2165 3249 Ballandie
2216 3189 2708 3266 contingentem,
2760 3188 3022 3249 confert.
3070 3221 3154 3230 —
3197 3186 3538 3264 Skeninyie,

240 3284 466 3347 sabbato
513 3289 573 3350 iu
620 3288 965 3350 ebdomada
1010 3292 1225 3350 sanc-ta
1268 3288 1531 3350 Pasche.

820 3390 1025 3452 noller,
1078 3389 1563 3454 Foru-Handlingar
1612 3391 1835 3443 rorando
1870 3390 2093 3443 Haliand
2138 3393 2190 3443 S.
2228 3391 2315 3445 84.
2393 3392 2509 3443 Udt.
2557 3396 2574 3444 i
2611 3392 2804 3445 svensk
2843 3391 3020 3443 over-s.
3058 3394 3075 3442 1
3113 3391 3348 3444 Svenska
3384 3390 3539 3441 Riks-

820 3475 1095 3527 Archivets
1134 3476 1592 3539 Pergamentshref
1621 3476 1659 3527 1.
1695 3476 1777 3529 94.

534 3592 725 3660 2409,
818 3594 935 3647 Udt.
974 3607 1072 3659 pas
1109 3595 1285 3645 Dansk
1321 3597 1337 3645 i
1376 3595 1585 3657 munch,
1625 3597 1719 3648 Det
1757 3599 1948 3649 norske
1984 3597 2137 3649 Follis
2175 3597 2302 3650 Hist.
2340 3598 2388 3652 2.
2427 3597 2539 3649 Md.
2577 3599 2614 3650 l.
2651 3597 2904 3653 644—47.
3607 3597 3691 3653 28.
3729 3597 3939 3663 Aprilis.

513 3714 727 3781 ι’2291.
818 3714 1069 3779 ΜΑεΝυε
1138 3732 1243 3776 rex
1314 3716 1577 3795 Swecie,
1646 3718 1970 3795 Norwegie
2040 3724 2102 3780 et
2160 3719 2380 3782 Scanie
2448 3722 2880 3799 recognoscit,
2951 3736 3018 3781 se
3079 3717 3327 3779 Alberto
3395 3716 3540 3777 duci
3599 3696 3656 3773 '1.
3696 3719 3829 3780 uasi-

240 3811 680 3895 Magnopolensi
726 3821 789 3879 in
837 3818 1166 3881 duodecim
1212 3819 1487 3881 millibus
1533 3822 1759 3881 marcis
1807 3820 2204 3884 denariorum
2243 3824 2472 3885 Swenae
2509 3829 2775 3885 monetoe
2813 3822 3151 3899 obligatum
3198 3821 3417 3882 teneri.
3458 3853 3531 3862 —

239 3916 559 4001 Junoecopie,
608 3921 707 3983 die
752 3926 956 4001 apost.
1006 3921 1271 4000 Philippi
1318 3928 1379 3983 et
1421 3921 1657 3985 Jacobi.

818 4023 995 4088 Styfl'e,
1034 4023 1219 4089 Bidrag
1256 4023 1339 4075 tlll
1376 4024 1793 4076 Skandinavtens
1828 4026 2050 4078 historia
2087 4028 2121 4077 Ι.
2159 4027 2380 4082 34—36.

510 4142 726 4210 *2292
819 4143 1121 4209 ΙοΗΑιωιςε
1168 4150 1231 4207 et
1280 4146 1628 4223 Αυοιιηιυε,
1679 4147 1942 4209 comites
1987 4147 2307 4227 Holsatiae,
2356 4153 2845 4227 recognoscunt,
2894 4163 2960 4209 se
3008 4163 3229 4209 omnes
3275 4145 3534 4224 litteras,
3605 4148 3652 4201 6.
3691 4148 3822 4209 Mali.

242 4243 443 4307 eisdem
488 4264 595 4326 per
632 4247 1095 4310 waldemarum
1144 4265 1354 4325 regem
1404 4245 1601 4327 datas,
1650 4249 1887 4311 solutas
1934 4250 2271 4331 dimissise‚
2322 4252 2504 4313 salvis
2553 4255 2757 4313 tamen
2805 4250 3026 4312 litteris
3073 4266 3262 4329 super
3308 4254 3531 4309 terram

240 4344 453 4411 Ymbrie
497 4352 819 4414 confectis.
872 4385 950 4394 —
1000 4350 1067 4411 ln
1116 4349 1214 4413 die
1260 4351 1321 4412 b.
1370 4350 1674 4413 Johannis
1720 4358 1922 4431 apost.
1974 4358 2034 4415 et
2080 4372 2296 4432 evang.
2346 4359 2488 4416 ante
2535 4359 2780 4432 portam
2824 4354 3097 4414 latinam.

810 4452 1288 4517 Anttslesvig'holst.
1327 4454 1665 4517 Fragmenter
1698 4454 1823 4504 xlv,
1862 4454 1927 4507 64
1978 4453 2123 4522 <med
2160 4456 2248 4509 det
2282 4456 2543 4521 fejlagtlge
2569 4456 2773 4507 Aarstal
2811 4455 2983 4519 1358).
3057 4454 3289 4505 Dereiter
3319 4452 3532 4504 michel·

812 4552 933 4599 sen,
982 4538 1575 4604 Urkundensammlung
1622 4540 1681 4590 11.
1728 4539 1983 4594 441—42.
2052 4540 2170 4593 Udt.
2216 4556 2314 4606 paa
2351 4543 2527 4594 Dansk
2571 4545 2588 4593 1
2623 4541 2896 4601 Hv1tteldt,
2945 4540 3128 4592 Danm.
3176 4538 3329 4603 Riges
3375 4539 3530 4589 lirun.

812 4628 863 4676 S.
892 4624 996 4679 512
1032 4623 1335 4690 (Kvartudg.
1374 4625 1455 4676 111.
1491 4625 1753 4691 524—25)
1796 4626 1919 4677 med
1954 4627 2040 4679 det
2075 4633 2208 4679 rette
2243 4629 2462 4680 Aarstal.
2533 4628 2659 4679 Jvrr.
2697 4627 3000 4687 Reinhardt,
3049 4625 3323 4676 Valdemsr
3359 4627 3530 4676 Atter-

809 4710 905 4775 dag
944 4712 996 4763 S.
1025 4709 1128 4765 548
1164 4724 1227 4775 og
1264 4712 1404 4776 orig.
1441 4714 1457 4763 i
1497 4712 1963 4765 Geheimearkivet.

508 4828 717 4895 ¹229&
807 4830 1091 4912 MAGNUS,
1151 4850 1257 4895 rex
1305 4833 1567 4911 Swecie,
1627 4832 1951 4911 Norwegie
1999 4840 2061 4895 et
2106 4835 2361 4913 Scanie,
2418 4834 2802 4896 monasterio
2861 4848 3148 4894 sororum
3196 4832 3528 4906 Skeningie
3599 4833 3682 4889 18.
3722 4836 3852 4897 matt.

240 4924 299 4981 in
353 4942 797 5011 recompensam
866 4934 1175 4997 bonorum
1233 4935 1543 4997 Hammoer
1608 4938 1672 4996 in
1738 4937 2283 5016 Nerrahallandia,
2355 4954 2490 5015 quae
2549 4935 2917 5013 ingeburgis
2985 4934 3241 4996 ducissa
3297 4934 3528 4995 Swecie

242 5035 576 5096 monasterio
620 5038 977 5117 contulerit,
1044 5053 1295 5099 necnon
1351 5055 1465 5117 pro
1513 5040 1927 5117 septingentis
1973 5040 2201 5100 marcis
2247 5039 2640 5102 denariorum
2691 5040 3060 5101 Sweworum
3110 5036 3184 5097 de
3231 5036 3525 5113 redemp-

242 5129 387 5193 tione
438 5135 728 5201 bonorum
785 5142 847 5201 in
910 5141 1184 5203 Farthaes
1245 5142 1363 5221 ipsi
1423 5144 1804 5204 monasterio
1866 5160 1977 5221 per
2033 5142 2291 5203 eandem
2352 5144 2612 5221 pignore
2684 5143 3046 5203 traditorum
3123 5139 3524 5220 restantibus,

3014 5276 3113 5333 40.
