4275 5759
427 516 610 607 1'345.

432 644 481 697 6.
518 644 665 696 Febr.

744 376 889 447 272
1844 366 2062 446 Kone
2118 368 2511 443 VALDEMAR
2561 370 2960 441 Amnum.

1038 642 1257 708 5926.
1349 643 1831 706 instrumentum
1870 645 2170 707 notariaie
2210 644 2286 707 de
2325 644 2614 707 violentia
2649 644 2902 705 Hinrico
2942 641 3294 719 Manegoldi
3332 642 3682 724 presbitero
3719 643 4060 722 Kylonensi

736 754 797 808 et
830 748 1136 808 canonico
1160 746 1715 808 Bordesholmensi
1748 763 1785 807 a
1818 747 2063 808 clericis
2101 753 2164 809 et
2197 748 2370 809 laicis
2397 744 2854 825 Kylonensibus
2883 745 3062 806 iacta.
3145 744 3310 806 inter
3344 751 3540 806 testes
3576 753 3674 807 est
3697 746 4062 825 wemmam,

626 872 635 881 ·
736 855 943 910 rector
986 849 1269 910 ecclesiae
1318 848 1379 909 b.
1426 848 1590 909 Petri
1637 851 1698 910 in
1747 846 2017 927 Ymbria,
2068 849 2460 911 Ottoniensis
2507 849 2799 910 diocesis.
2849 878 2929 891 ·-
2975 846 3212 909 Mensis
3259 846 3575 909 Februarii
3620 847 3720 909 die
3765 855 3960 911 sexta.

396 1089 480 1143 24.
519 1088 664 1139 Febr.

394 1534 442 1587 4.
480 1532 664 1585 Martii.

394 1877 443 1929 6.
480 1844 663 1927 Martii.

362 2424 442 2479 13.
484 2426 663 2476 Martii.

362 2561 442 2616 13.
482 2563 663 2613 marui.

1345 949 1701 1014 westphulen,
1737 951 2073 1003 monumenta
2108 951 2170 1003 11.
2207 950 2464 1011 154—55‚
2491 950 2612 1010 ivit.
2650 950 2704 1001 S.
2731 948 2851 1003 158.

1040 1086 1259 1151 *1922
1347 1086 1619 1166 MAGNUS,
1668 1104 1773 1150 rex
1820 1088 2090 1168 Sweciae,
2138 1088 2452 1165 Noruegie
2500 1096 2564 1147 et
2607 1087 2852 1166 scanie,
2909 1088 3145 1149 nuntiis
3191 1087 3526 1149 consulum
3571 1087 3647 1149 de
3695 1087 4060 1150 Stralesund

735 1190 971 1252 salvum
1018 1189 1395 1251 conductum
1442 1189 1515 1251 ad
1575 1206 1643 1251 se
1688 1190 1973 1252 veniendi
2030 1190 2341 1252 concedit.
2388 1224 2473 1234 —
2517 1189 2592 1249 In
2637 1194 2828 1249 castro
2869 1196 3066 1250 nostro
3111 1188 3583 1269 Wardboryensi,
3643 1191 3796 1251 seria
3842 1194 4062 1269 quinta

734 1298 881 1372 post
924 1291 1297 1353 dominicam
1344 1290 1795 1355 Reminiscsre.

1348 1394 1631 1454 sartorius,
1670 1394 1982 1446 Geschichto
2017 1395 2065 1445 d.
2102 1394 2293 1454 Ranae,
2332 1394 2412 1446 ed.
2449 1392 2788 1458 Lappenberg
2823 1393 2883 1444 ll.
2919 1392 3174 1447 383-84.

1042 1529 1257 1595 5928.
1348 1533 1813 1594 Testamentum
1874 1534 2158 1596 Gisnoms
2204 1532 2573 1611 AEmnsssou,
2630 1548 2742 1610 per
2799 1532 2966 1610 quod
3009 1532 3172 1593 inter
3214 1532 3334 1592 alia
3385 1533 3768 1595 monasterio
3825 1534 3890 1593 in
3935 1536 4060 1594 Aas

736 1635 1068 1697 Hailandiae
1116 1651 1225 1697 sex
1268 1650 1511 1695 marcas
1558 1633 1951 1697 denariorum
2000 1635 2183 1712 legat.
2235 1668 2312 1681 --
2359 1634 2674 1714 Aspoenoes,
2722 1633 2874 1696 feria
2919 1640 3092 1695 sexta
3135 1639 3278 1695 ante
3323 1634 3696 1697 dominicam
3744 1634 4000 1697 Laetare.

1349 1735 1482 1799 Dipl.
1518 1736 1753 1797 Svocan„
1790 1735 1869 1789 ed.
1908 1738 1965 1787 B.
1992 1736 2052 1787 Ε.
2078 1735 2397 1809 Hildohraud
2432 1736 2488 1785 V.
2525 1734 2780 1789 418—19.

1040 1872 1257 1937 *1929.
1351 1873 1623 1937 Caeneus
1659 1873 1868 1950 (Vltus)
1903 1891 2065 1955 papa
2097 1874 2368 1935 Johanni
2401 1872 2608 1953 Ulzen,
2646 1874 2950 1936 canonico
2988 1872 3357 1953 Lubecensi,
3393 1874 3663 1953 mandat,
3702 1880 3770 1935 ut
3805 1890 4064 1935 causam

734 1979 896 2039 inter
937 1975 1331 2055 Ludolphum
1380 1976 1782 2057 Michaelem,
1840 1983 2148 2039 rectorem
2207 1977 2491 2039 ecciesiae
2549 1979 2611 2036 in
2669 1975 2921 2055 Kilone‚
2982 1984 3042 2038 et
3096 1976 3446 2039 Johannem
3503 1976 3578 2057 de
3637 1976 4058 2055 Gundesleke,

734 2087 1042 2141 rectorem
1088 2077 1370 2139 ecclesiae
1413 2080 1475 2139 in
1514 2077 1794 2159 Falstria,
1841 2079 2252 2142 othoniensis
2299 2080 2596 2157 diocesiS‚
2642 2078 2718 2139 de
2765 2078 3138 2156 quibusdam
3181 2080 3467 2158 pecuniis
3513 2086 3574 2140 et
3619 2080 3802 2141 terris
3849 2080 4064 2142 audiat

736 2182 1121 2258 decidatque.
1170 2214 1251 2224 —
1298 2180 1576 2259 Avinion,
1624 2181 1698 2242 11.
1747 2198 1895 2243 non.
1945 2182 2182 2260 Marcii,
2228 2182 2448 2262 pontif.
2496 2197 2596 2243 an.
2645 2183 2848 2243 tertio.

1343 2282 1698 2348 westphalen,
1734 2283 2073 2336 Monumenta
2107 2282 2168 2333 11.
2206 2282 2323 2336 157.

1064 2392 1253 2484 2263,
1343 2419 1459 2472 υιιι.
1494 2434 1595 2485 ραι
1629 2420 1804 2472 nansi
1838 2424 1855 2471 ι
1890 2419 2156 2479 nvittomt.
2193 2420 2376 2473 naum.
2413 2419 2568 2483 mge-
2605 2420 2760 2471 xran.
2801 2420 2854 2473 s.
2883 2418 3125 2473 491—92
3160 2421 3462 2485 (svart-mg.
3501 2420 3585 2473 ιιι.
3619 2421 3761 2487 475).

1040 2556 1257 2621 *193st
1352 2556 1601 2637 Ριιτιιιιε,
1649 2559 2164 2638 archiepiscopus
2209 2558 2583 2643 Lundensis,
2631 2557 2930 2620 Jacohum
2976 2558 3252 2620 ansson
3299 2558 3554 2620 militem
3602 2558 3679 2620 de
3723 2558 4060 2637 Markoyae,

734 2662 983 2721 fratrem
1030 2678 1244 2738 suum,
1302 2676 1415 2738 pro
1466 2666 1761 2739 computo
1809 2662 2086 2723 omnium
2132 2660 2484 2722 reddituum
2531 2660 2605 2721 de
2652 2667 2815 2722 terra
2857 2660 3278 2723 Borendholm
3330 2669 3392 2723 et
3437 2668 3644 2723 castro
3691 2662 4062 2727 Hamarensi

626 2786 634 2793 ·
734 2780 934 2841 usque
1002 2764 1080 2824 ad
1146 2762 1314 2824 hunc
1382 2763 1546 2824 diem
1600 2765 2095 2843 provenientium
2157 2765 2323 2825 iacto
2384 2765 2623 2842 quittat.
2683 2798 2764 2807 —
2820 2763 3027 2824 castro
3079 2762 3465 2843 Hamaremi,
3533 2764 3848 2826 dominica
3902 2763 4058 2825 Pas·

358 3096 441 3148 29.
479 3095 663 3149 nurui.

368 3419 417 3474 3.
454 3421 662 3485 Aprilis.

336 3746 415 3799 15.
454 3746 661 3809 Aprilis.

332 4584 415 4639 25.
456 4585 665 4650 Aptius.

735 2868 932 2928 sionis
978 2866 1249 2929 Domini.

1346 2950 1478 3016 Dipl.
1515 2953 1752 3013 Svecan„
1788 2952 1867 3003 ed.
1906 2951 1961 3002 B.
1989 2951 2047 3002 Ε.
2078 2950 2398 3003 Hildebrand
2434 2950 2489 3001 V.
2527 2950 2780 3005 422—23.

1039 3089 1255 3153 *1931.
1348 3089 1653 3151 Statutum
1699 3092 2130 3153 Asnausisusis
2180 3106 2478 3167 οΑΡιτιιιι,
2539 3088 2704 3167 quod
2765 3088 2841 3152 de
2897 3105 3058 3150 novo
3117 3097 3407 3169 receptus
3465 3093 3527 3151 in
3575 3092 3945 3151 canonicum
3995 3093 4059 3152 in

736 3193 941 3256 studio
986 3193 1262 3268 generali
1306 3208 1418 3270 per
1463 3191 1623 3255 duos
1668 3210 1870 3255 annos
1918 3198 2079 3254 stare
2129 3200 2192 3253 et
2236 3192 2485 3254 studere
2533 3198 2836 3255 teneatur.
2888 3226 2966 3235 —-
3014 3191 3222 3253 Tertia
3265 3193 3418 3253 seria
3463 3192 3722 3255 Pasche.

1342 3293 1457 3346 Udt.
1495 3297 1513 3346 i
1550 3294 1843 3359 Langehek,
1880 3296 2128 3359 scriptor.
2167 3308 2266 3345 rer.
2305 3294 2540 3345 Danicar.
2582 3293 2660 3345 Vl.
2693 3293 2814 3348 386.

1038 3413 1254 3478 *1932
1346 3415 1770 3477 WoLusmnus
1783 3416 2102 3477 Danorum
2130 3413 2575 3493 Slavorumque
2603 3433 2702 3476 rex
2732 3421 2793 3477 et
2816 3414 2936 3476 dux
2961 3414 3234 3477 Estoniae
3259 3416 3580 3493 privilegia
3604 3415 4058 3495 oppidanorum

732 3516 1371 3594 Wesenbergensium
1417 3516 1762 3581 confirmat.
1810 3552 1893 3563 —
1928 3516 2210 3596 Revalioe‚
2259 3517 2591 3597 dominica,
2640 3535 2756 3596 qua
2807 3524 3089 3579 cantatur
3132 3516 3406 3579 officium
3452 3516 4054 3595 Quasimodogeniti.

1347 3619 1543 3683 Bunge,
1580 3619 1738 3679 Liv.·,
1774 3619 1951 3671 Esth.-
1990 3634 2040 3669 u.
2079 3620 2490 3671 Gurlimdisches
2527 3620 2865 3672 Urkundenh.
2904 3619 2961 3670 il.
2998 3618 3252 3672 379—80.

1038 3738 1253 3805 *1933
1344 3740 1809 3803 Testamentum
1856 3740 2035 3803 Ριιτιιι
2072 3742 2383 3803 Jonaessou
2432 3741 2508 3803 de
2559 3742 2750 3821 Nym,
2811 3740 3099 3803 canonici
3141 3740 3549 3802 ecclesiarum
3597 3741 3949 3803 Lundensis
3997 3750 4060 3804 et

732 3844 1124 3921 Arusiensis‚
1185 3862 1299 3924 per
1354 3844 1517 3921 quod
1575 3860 1691 3923 pro
1749 3845 2171 3905 anniversario
2235 3862 2351 3905 suo
2399 3843 2682 3905 ecciesiae
2732 3843 3046 3905 Lundensi
3089 3842 3256 3915 bona
3303 3862 3418 3905 sua
3460 3844 3521 3904 in
3571 3844 3944 3923 Sacerthorp
3991 3847 4057 3906 in

732 3947 1028 4027 parochia
1062 3948 1351 4026 Espingoe
1399 3951 1460 4008 et
1505 3947 1787 4009 ecclesiae
1837 3964 1887 4006 s.
1933 3947 2273 4009 Clementis
2311 3948 2634 4009 Arusiensi
2683 3949 2914 4007 curiam
2965 3963 3138 4007 suam
3185 3948 3249 4006 in
3286 3945 3706 4025 Thrybyaergh
3750 3948 3814 4009 in
3859 3947 4056 4025 Nym-

733 4051 909 4111 heret
950 4051 1015 4109 in
1060 4050 1238 4111 Jucia
1282 4052 1463 4112 sitam
1509 4049 1695 4129 legat,
1751 4050 1898 4110 item
1946 4049 2238 4111 claustris
2285 4056 2348 4109 et
2389 4048 2805 4128 hospitalibus
2853 4048 3313 4127 LundensibuS,
3372 4050 3658 4111 ecclesiis
3704 4050 4057 4113 flarthlosae

733 4159 794 4213 et
840 4152 1048 4213 Wram
1096 4151 1552 4231 Scanensibus,
1613 4152 1899 4213 ecclesiis
1948 4150 2135 4229 Nym,
2187 4152 2549 4230 Gasaemaer‚
2595 4151 2909 4231 Byerkye,
2957 4150 3275 4231 Wndorp,
3322 4152 3786 4233 Tummaethorp
3827 4153 4058 4215 Juticis

732 4256 991 4333 aliisque
1038 4256 1249 4317 multis
1296 4256 1559 4333 singulis
1604 4255 1894 4335 personis
1952 4256 2252 4334 pecunias
2311 4254 2551 4331 aliaque
2597 4253 2782 4332 legat.
2831 4288 2910 4299 —
2960 4253 3219 4333 Laudis,
3277 4260 3450 4316 sexta
3493 4255 3646 4316 seria
3688 4272 3862 4335 prox.
3911 4264 4060 4335 post

732 4358 1129 4435 dominicam,
1177 4374 1299 4436 qua
1342 4352 1628 4419 cantatur
1670 4356 2103 4419 Misericordia
2147 4356 2418 4419 Domini.

1352 4460 1480 4523 Dipl.
1520 4460 1757 4521 Svecan.,
1795 4458 1875 4509 ed.
1912 4460 1966 4511 B.
1996 4458 2054 4509 Ε.
2084 4458 2404 4512 Hildehrand
2437 4456 2494 4509 V.
2532 4456 2788 4513 434—37.

1038 4579 1255 4643 *1934
1346 4582 1769 4643 Wocosnuaus
1829 4580 2146 4665 Danorum
2195 4579 2676 4660 Sclavorumque
2733 4597 2870 4659 rex,
2932 4578 3053 4641 dux
3108 4580 3414 4661 Estoniae,
3472 4580 3696 4660 Olavo,
3753 4583 4058 4662 episcopo

736 4682 1118 4762 Revaliensi,
1148 4712 1155 4719 ·
1184 4683 1387 4744 villam
1446 4683 1761 4763 Kilpever,
1830 4684 2113 4744 Wironia
2175 4684 2240 4743 in
2308 4684 2607 4762 parochia
2659 4683 2808 4747 Kele
2865 4682 3078 4761 sitam,
3144 4682 3378 4745 vendit.
3446 4718 3527 4728 —
3592 4682 3888 4765 Revalioe,
3957 4684 4060 4747 die

730 4786 791 4847 h.
838 4786 1033 4849 Marci
1078 4786 1490 4861 evangelista.

1346 4889 1543 4953 Bungs,
1580 4887 1772 4939 Archiv
1808 4888 1842 4938 i.
1882 4886 2071 4939 Gesch.
2107 4887 2268 4949 Liv.-,
2304 4886 2480 4938 Esth.-
2519 4901 2570 4939 u.
2609 4887 2872 4939 Curlauds
2910 4889 2945 4939 l.
2981 4887 3099 4941 300.
3183 4889 3382 4954 Bunge,
3421 4888 3580 4949 Liv.-,
3615 4888 3792 4943 Ezth.-
3829 4902 3884 4941 ιι.
3919 4890 4059 4942 Cur-

1346 4974 1645 5025 iandisches
1684 4974 2019 5025 Urkuudenh.
2060 4974 2117 5024 ΙΙ.
2156 4973 2411 5027 380-81.
2489 4974 2659 5038 Tydsk
2695 4975 2873 5027 Overs.
2914 4978 2931 5026 i
2971 4977 3148 5038 Bunge
3183 4989 3235 5025 ιι.
3273 4975 3405 5035 Toll,
3442 4976 3563 5029 Est·
3599 4989 3654 5025 u.
3689 4974 4062 5029 Livianduche
4091 4984 4108 4998 ·

1347 5060 1597 5112 Brlessade
1633 5059 1670 5110 1.
1706 5058 1789 5114 38.
1863 5059 2040 5111 Dansk
2082 5060 2200 5110 Udt.
2249 5062 2268 5110 i
2310 5059 2584 5121 Rvitieldt,
2632 5060 2816 5111 Danm.
2864 5059 3020 5126 Riges
3065 5062 3223 5113 Krsn.
3261 5062 3314 5113 S.
3347 5060 3449 5116 492
3484 5062 3782 5127 (xvartudg.
3820 5062 3902 5113 111.
3938 5064 4058 5125 476)

1344 5146 1467 5197 med
1501 5145 1717 5198 Datum:
1754 5146 1929 5210 nagan
1966 5146 2095 5199 citer
2132 5148 2184 5196 S.
2223 5148 2449 5199 uertens
2487 5146 2608 5211 Dag.
