4275 5759
1398 389 1614 464 Kone
1664 390 1856 464 Eam
1901 389 2264 464 Gurrmc.
3388 391 3432 464 8
3445 393 3479 462 1

184 648 593 728 profiteantur,
642 654 950 712 tueantur.
1002 613 1436 729 --'Ros1cild2·s‚
1485 649 1611 711 llll.
1660 666 1859 713 nonas
1884 647 2170 728 Augusti,
2217 648 2614 729 pontificatus
2660 647 2895 711 domini
2941 647 3280 710 Clementis
3325 663 3484 728 pape
3593 557 3794 639 '1266’

186 750 327 812 unu
364 766 527 814 anno
576 750 883 815 secundo.

782 852 1295 916 nenenburglsches
1329 853 1667 906 urkundenb.
1705 853 1765 905 ll.
1801 853 2090 908 304—305.

514 953 694 1020 *427.
792 943 1015 1036 Gumo‘,
1070 957 1233 1018 tituli
1279 957 1480 1019 sancti
1522 955 1834 1019 Laurentii
1882 958 1945 1018 in
1992 957 2229 1019 Lucina
2271 953 2597 1035 presbyter
2641 954 2973 1016 cardinalis
3021 961 3081 1015 et
3123 953 3484 1032 apostolicae
3553 953 3603 1008 2.
3652 954 3892 1018 Augusti.

185 1059 345 1120 sedis
390 1058 667 1136 legatus,
736 1060 1037 1140 episcopo
1104 1064 1180 1140 et„
1230 1061 1568 1144 praeposito
1635 1059 2115 1122 Zverinensibus
2176 1059 2458 1138 mandat,
2528 1065 2596 1121 ut
2651 1057 2934 1119 abbatem
2993 1063 3053 1119 et
3112 1062 3482 1119 conventum

182 1163 575 1236 monasterii)
643 1161 719 1222 de
779 1160 1032 1224 Dobran
1088 1165 1306 1222 contra
1362 1162 1832 1224 molestationes
1888 1164 2137 1240 iniquas
2205 1161 2580 1224 creditorum
2641 1167 2946 1222 tueantur.
3017 1196 3096 1206 —
3164 1158 3479 1234 Roslcildis,

183 1263 307 1326 llll.
350 1280 497 1326 non.
545 1267 741 1342 Aug„
789 1263 1187 1344 pontificatus
1234 1264 1470 1326 domini
1515 1263 1853 1328 Clementis
1898 1264 2252 1356 papalum
2299 1281 2463 1327 anno
2512 1262 2811 1326 secundo.

788 1365 1299 1429 Meklenburgisches
1334 1365 1674 1417 Urkundenb.
1712 1365 1771 1418 ll.
1808 1366 1923 1420 305.
2697 1359 2704 1366 ’

505 1465 690 1532 1145,
782 1467 961 1520 Dansk
994 1468 1171 1519 Overs.
1209 1471 1227 1518 i
1264 1467 1525 1529 Hvitfeldt,
1563 1467 1746 1520 Danm.
1768 1468 1921 1533 Rigas
1958 1470 2115 1521 lirun.
2155 1468 2437 1533 Kvartudg.
2475 1468 2534 1519 ΙΙ.
2571 1465 2826 1522 316-19.
2890 1464 3096 1516 Brudst.
3135 1477 3200 1528 og
3235 1464 3350 1516 Udt.
3387 1477 3484 1528 paa
3555 1451 3638 1504 2⁷·
3685 1451 3926 1516 August!-

786 1553 958 1604 Dansk
992 1557 1010 1604 i
1048 1552 1359 1606 Videnskab.
1398 1554 1563 1606 Selsk.
1602 1555 1717 1606 Skr.
1755 1551 1811 1605 V.
1850 1554 2039 1606 naue
2070 1554 2359 1621 nist-phil.
2399 1553 2510 1605 Afd.
2548 1553 2632 1605 IV.
2667 1551 2906 1608 351--52

544 1655 723 1720 *428.
817 1658 1028 1737 Gulno,
1076 1657 1236 1720 tituli
1282 1659 1481 1719 sancti
1525 1657 1839 1722 Laurentii
1884 1659 1946 1719 in
1996 1659 2230 1721 Lucina
2273 1657 2596 1739 presbyter
2639 1657 2969 1718 cardinalis
3015 1660 3088 1716 et·
3119 1655 3480 1733 apostolicae
3551 1657 3635 1710 24.
3673 1659 3878 1722 septbr.

182 1761 347 1838 sedis
398 1760 670 1838 legatus,
738 1761 1078 1839 praeposito
1136 1767 1198 1822 et
1253 1761 1585 1822 conventui
1640 1763 2000 1823 monasterii
2062 1761 2136 1824 de
2183 1761 2444 1823 Ivenacli
2485 1763 2591 1839 jus
2638 1765 2999 1840 patronatus
3045 1761 3107 1818 in
3155 1757 3504 1818 ecclesiam·

129 1839 591 1942 ‘parochialem
643 1860 719 1924 de
767 1860 1071 1924 Cerbecin
1119 1862 1463 1925 confirmat.
1490 1863 1859 1939 —Sleswic,
1906 1863 2063 1925 Vlll.
2111 1864 2406 1926 kalendas
2446 1862 2760 1942 Octobris,
2808 1859 3206 1941 pontificatus
3251 1859 3486 1920 domini

180 1967 512 2027 Clementis
556 1981 717 2045 pape
766 1967 965 2043 quarti
1010 1981 1177 2027 anno
1225 1965 1525 2028 secundo.

783 2066 1295 2131 neklanburgiscbes
1329 2067 1666 2119 Urkundenb.
1705 2067 1763 2119 11.
1800 2067 2089 2124 305—306.

516 2169 692 2234 ⁶429.
785 2171 1094 2251 flumenis,
1142 2171 1320 2233 titulo
1369 2171 1569 2232 sancti
1615 2172 1925 2234 Laurentii
1970 2174 2032 2232 in
2078 2171 2382 2235 Lucinum
2431 2170 2776 2250 presbyteri
2824 2167 3176 2246 cardinalis,
3226 2171 3484 2247 aposto·
3554 2171 3636 2224 30.
3676 2171 3878 2236 septbr.

180 2273 305 2334 licae
373 2271 540 2335 sedis
610 2273 831 2354 legati,
914 2275 1253 2352 sententia,
1340 2290 1459 2352 qua
1533 2276 1926 2356 pronuntiat,
1996 2281 2063 2336 ut
2128 2273 2435 2354 Jacobus,
2517 2273 3029 2352 archiepiscopus
3107 2269 3485 2348 LundensiS,

182 2375 431 2456 Petrus,
481 2377 821 2456 episcopus
865 2373 1332 2456 Roskildensis,
1379 2377 1675 2454 magister
1722 2377 1943 2458 Sacer,
1991 2378 2366 2458 praepositus
2413 2376 2788 2456 Lundensis‚
2855 2373 3152 2436 Nicolaus
3200 2373 3486 2452 Gotonis,

182 2480 518 2540 canonicus
564 2477 1026 2558 Roskildensis,
1093 2480 1391 2557 magister
1434 2479 1567 2560 Ro,
1635 2481 1979 2544 canonicus
2024 2479 2356 2560 Ripensis,
2428 2488 2489 2542 et
2534 2477 2760 2558 David,
2829 2484 3038 2539 rector
3081 2477 3363 2539 ecclesiae
3410 2474 3485 2537 de

52 2621 67 2650 .
182 2579 375 2660 nithe,
436 2580 877 2644 Roskildensis
922 2580 1230 2663 diocesis,
1298 2582 1377 2645 ad
1422 2582 1606 2644 sedes
1653 2587 1715 2644 et
1748 2585 1893 2662 jura
1939 2582 2180 2646 restitui
2226 2583 2523 2662 debeant3
2590 2583 2871 2659 assignat
2916 2579 3078 2641 diem
3124 2578 3287 2659 apud
3334 2579 3485 2641 civi-

180 2691 354 2745 tatem
422 2684 839 2748 Lubicensem
905 2683 982 2745 ad
1050 2686 1381 2748 crastinam
1438 2684 1499 2747 b.
1558 2684 1725 2748 Luce
1794 2685 2187 2763 evangelistae
2243 2685 2320 2746 ad
2379 2685 2722 2747 faciendam
2791 2684 2974 2745 fldem
3043 2699 3232 2763 super
3300 2680 3486 2743 rebus

180 2786 421 2867 ablatis,
492 2793 555 2849 et
613 2804 823 2865 regem
883 2794 945 2849 et
999 2789 1278 2865 reginam
1323 2788 1515 2850 Dacie
1572 2789 2063 2852 excommunicat
2124 2795 2186 2850 et
2229 2795 2455 2850 terram
2503 2805 2718 2851 eorum
2765 2788 2922 2848 infra
2966 2786 3267 2847 terminos
3314 2785 3485 2862 lega-

180 2890 357 2951 tionis
413 2907 541 2952 suae
599 2887 929 2952 interdicto
987 2890 1357 2968 generaliter
1412 2891 1841 2954 ecclesiastico
1899 2892 2216 2971 supponit.
2279 2927 2357 2937 —
2412 2891 2486 2952 In
2541 2891 2784 2953 ecclesia
2838 2887 3168 2952 cathedrali
3231 2891 3490 2948 civitatis

178 2991 584 3068 Sleswieensis,
630 3009 849 3054 mense
897 2992 1277 3072 Septembris
1322 2992 1535 3056 ultima
1581 2993 1679 3056 die
1726 3000 2009 3058 exeunte.

782 3093 1007 3147 cronica
1043 3099 1097 3146 st
1132 3094 1475 3146 cartularium
1513 3098 1819 3147 monasterti
1856 3096 1920 3149 de
1954 3095 2121 3148 bunis
2159 3095 2212 3148 S.
2249 3095 2535 3150 eoo—605.

516 3197 691 3264 *430.
786 3199 1047 3275 Euneos)
1102 3197 1420 3261 Danorum
1480 3199 1962 3279 Sclavorumque
2018 3217 2124 3262 rex
2195 3197 2434 3261 abbatis
2493 3207 2553 3260 et
2611 3199 2865 3260 fratrum
2925 3199 3000 3261 de
3057 3196 3485 3278 Dynemunde,
3556 3201 3606 3255 4.
3643 3201 3853 3255 Octobr.

182 3301 684 3364 cisterciensium
731 3301 999 3380 ordinis,
1069 3299 1366 3378 Rigensis
1414 3301 1720 3383 diocesis,
1787 3303 2265 3382 possessionem
2320 3302 2626 3365 bonorum
2688 3301 3034 3364 confirmat.
3092 3335 3174 3348 —-
3237 3301 3486 3376 Laudis,

182 3405 237 3464 in
282 3405 377 3466 die
420 3404 485 3466 b.
532 3405 848 3467 Francisci
894 3403 1301 3466 confessoris.

780 3523 978 3587 Bunge,
1016 3522 1173 3583 Liv.-,
1210 3523 1385 3575 Esth.-
1423 3537 1477 3574 u.
1515 3524 1926 3576 Curlandisches
1963 3523 2304 3578 urkundenb.
2342 3524 2424 3576 111.
2461 3524 2543 3578 62.

514 3626 691 3692 *431.
782 3628 949 3690 Auno
984 3626 1164 3688 miles
1200 3627 1404 3690 dictus
1429 3628 1728 3707 Thysaesk
1775 3629 2056 3692 ecclesiae
2105 3635 2335 3692 sanctae
2359 3627 2569 3692 Maria}
2594 3627 2856 3707 Ripensi
2902 3627 2979 3690 ad
3027 3645 3208 3690 usum
3255 3643 3486 3690 mensae
3560 3629 3638 3684 17.
3677 3629 3866 3684 nocht.

184 3729 555 3810 episcopalis
601 3731 837 3792 curiam
885 3746 1059 3792 suam
1106 3731 1171 3790 in
1197 3730 1564 3793 Svensholm
1610 3737 2040 3810 post-mortem
2077 3748 2275 3811 suam,
2325 3733 2378 3794 si
2413 3731 2650 3811 prolem
2688 3731 2763 3793 de
2799 3748 2987 3794 uxore
3027 3748 3153 3792 non
3180 3729 3486 3808 habuerit,

179 3831 353 3908 legat.
416 3867 493 3877 —
554 3832 631 3894 In
666 3831 864 3910 pallio
912 3831 1115 3910 lisy-eri·
1165 3837 1429 3912 episcopi
1481 3835 1789 3912 Ripensis,
1855 3836 2137 3915 proxima
2183 3841 2356 3897 sexta
2407 3835 2560 3896 feria
2604 3841 2750 3913 post
2791 3835 3018 3897 festum
3079 3833 3256 3896 beate
3301 3831 3490 3895 Lucie

178 3951 445 4011 virginis.

780 4037 839 4090 0.
874 4039 1101 4099 melnen,
1140 4037 1377 4103 Samling
1412 4039 1468 4090 af
1498 4037 1809 4092 Adkomster
1844 4053 1891 4092 o.
1929 4053 1971 4090 s.
2010 4053 2057 4090 v.
2096 4039 2176 4091 tor
2214 4038 2342 4092 Rlbs
2377 4038 2706 4103 Domkapitel
2745 4039 2796 4092 S.
2838 4039 3058 4094 16—1‘1.

517 4140 692 4205 *432
784 4143 991 4206 Gwmo
1040 4142 1370 4204 cardinalis
1417 4143 1717 4223 episcopo
1762 4142 2025 4224 Ripensi
2073 4143 2363 4205 concedit
2407 4144 2758 4205 facultatem
2820 4142 3134 4206 relaxandi
3183 4142 3487 4204 ducentos

180 4243 299 4306 dies
344 4245 423 4307 de
458 4245 743 4325 injuncta
776 4245 1179 4324 poenitentia,
1229 4247 1725 4324 quotiescunque
1774 4247 1838 4307 in
1874 4245 2334 4327 pontificalibus
2371 4248 2700 4309 missarum
2739 4246 3066 4309 sollemnia
3099 4247 3162 4306 in
3196 4244 3490 4325 praedicta

180 4349 407 4410 civitate
446 4347 867 4410 celebraverit.
915 4381 996 4393 —
1045 4347 1189 4409 Sine
1235 4365 1424 4411 anno.

776 4449 894 4502 Udt.
932 4451 949 4500 l
984 4447 1035 4501 P.
1073 4450 1345 4515 Terpager,
1384 4450 1527 4517 Rtpae
1562 4451 1841 4504 Cimbricae
1878 4451 1931 4503 S.
1966 4451 2053 4506 84.
2113 4463 2119 4470 ·

513 4553 688 4618 *433.
781 4555 988 4617 Gwmo
1067 4554 1397 4616 cardinalis
1463 4555 1904 4618 archidiacono
1974 4561 2035 4617 et
2100 4556 2373 4636 capitulo
2442 4554 2705 4636 Ripensi
2775 4553 3065 4618 concedit
3129 4547 3482 4617 facultatem

180 4655 475 4718 relaxandi
522 4661 773 4720 centum
820 4655 953 4718 dies
1000 4656 1075 4719 de
1120 4659 1417 4737 injunctis
1462 4659 1901 4740 poenitentiis,
1962 4660 2460 4737 quotiescunque
2505 4659 2568 4719 in
2617 4657 2885 4721 ecclesia
2931 4675 3044 4722 sua
3087 4657 3340 4720 verbum
3387 4656 3484 4718 dei

180 4760 395 4839 populo
468 4760 997 4840 annuntiaverint,
1063 4763 1338 4840 itemque
1396 4767 1646 4824 centum
1704 4761 1837 4823 dies
1904 4762 2020 4840 iis,
2091 4762 2198 4838 qui
2254 4763 2442 4824 certis
2503 4761 2681 4824 festis
2743 4761 2962 4824 diebus
3030 4763 3094 4823 in
3154 4761 3483 4824 ecclesiam

182 4861 385 4924 dietam
436 4862 826 4925 accesserint
866 4862 1119 4926 verbum
1166 4864 1263 4926 dei
1310 4882 1345 4926 a
1392 4881 1767 4943 quocunque
1813 4864 2119 4926 canonico
2167 4863 2454 4927 audituri.
2503 4899 2582 4910 —-
2632 4864 2776 4927 Sine
2823 4881 3008 4927 anno.

776 4963 893 5017 Udt.
929 4968 948 5017 t
982 4965 1253 5031 Terpager,
1291 4966 1433 5031 mpae
1469 4967 1745 5020 Cimbrica
1782 4969 1833 5021 S.
1871 4969 1939 5023 85
1974 4971 2204 5033 (maaske
2239 4981 2295 5021 er
2331 4968 2420 5020 det
2449 4972 2504 5019 to
2541 4967 2736 5032 Breve).

514 5065 691 5132 *434
781 5070 989 5154 Gwino
1048 5070 1378 5133 cardinalis
1425 5071 1640 5134 decem
1717 5073 2033 5154 episcopis
2103 5074 2186 5149 (in
2259 5075 2529 5153 epitome
2589 5088 2715 5133 non
2773 5069 3139 5153 nominatis)
3195 5069 3484 5134 concedit

184 5170 473 5232 relaxandi
521 5171 873 5233 facultatem
924 5173 1327 5252 quadraginta
1370 5173 1505 5236 dies
1552 5175 1625 5237 de
1672 5177 1951 5254 injuncta
1994 5177 2376 5256 poenitentia
2421 5175 2572 5248 illis,
2641 5175 2744 5252 qui
2789 5174 2864 5236 ad
2912 5175 3240 5237 ecclesiam
3289 5173 3482 5236 beatae

296 5291 505 5355 Regnat.
534 5289 669 5340 Dan.
704 5287 760 5340 11.
798 5291 905 5342 Ser.
943 5291 979 5342 1.
3011 5293 3073 5347 11
