4275 5759
450 512 635 579 1348.

314 616 364 671 3.
381 616 521 681 (163)
532 616 721 669 Novbr.

379 1061 463 1115 23.
501 1061 689 1113 Novbr.

419 1180 468 1233 1.
506 1179 688 1231 Decbr.

415 1713 465 1765 5.
504 1712 685 1763 Decbr.

417 2243 466 2297 5.
506 2243 686 2295 Decbr.

762 346 906 419 286
1862 342 2077 416 Kone
2132 341 2528 417 VALDEMAB
2581 342 2975 417 Anzabae.

1064 616 1281 683 *2037.
1372 618 1633 681 Jacoeus
1668 616 1870 696 ΡΑυιι,
1920 620 2258 700 episcopus
2305 618 2768 707 Roskildensis‚
2815 622 3098 697 testatur,
3147 634 3216 679 se
3259 616 3489 679 bullam
3537 616 3884 679 Clementis
3920 616 4090 691 (thi)

758 736 958 800 papie,
1008 721 1131 782 dat.
1179 720 1285 785 20.
1332 719 1500 782 Junii
1552 718 1734 799 1265,
1782 719 2035 799 vidisse,
2092 739 2216 801 qua
2273 721 2563 783 fratribus
2609 719 2953 784 minoribus
2991 723 3098 799 jus
3142 718 3515 800 praedicandi
3561 720 3952 785 conceditur.
4003 753 4090 765 —

760 821 1025 901 Roslcild,
1073 822 1387 885 dominica
1432 829 1519 898 (οε
1568 824 1665 885 die
1682 826 1727 897 ?)
1775 822 1877 884 111.
1926 825 2162 886 mensis
2209 823 2597 899 Novembris,

1372 925 1709 991 Diplomatar.
1747 925 1961 989 Norveg.
1999 926 2081 977 lx.
2120 926 2221 979 153
2255 925 2462 990 (Brevet
2497 925 2592 978 har
2629 925 2912 977 aabenbart
2945 924 3174 989 fellagtig
3209 923 3642 987 msanglvelsen
3681 922 3863 989 1368).

1096 1059 1287 1125 2317,
1381 1061 1890 1125 Meklenburglsches
1926 1062 2264 1114 Urkundenb.
2300 1062 2362 1113 X.
2396 1061 2650 1116 226-27.

1064 1180 1285 1246 *2038.
1378 1181 1652 1245 Chunus
1708 1179 1919 1256 (Vltus)
1974 1198 2135 1263 papa
2188 1182 2370 1244 Petro
2429 1182 2504 1243 de
2563 1180 2892 1259 Gandau0,
2960 1182 3186 1242 rectori
3247 1181 3530 1243 ecclesiae
3589 1199 3642 1243 s.
3699 1181 3952 1243 Martini
4012 1181 4090 1243 de

758 1283 1170 1361 Zomerghem
1230 1284 1647 1347 Tornacensis
1706 1284 2011 1358 diocesis,
2070 1286 2462 1347 nuntio.suo
2525 1285 2586 1344 in
2646 1282 2866 1362 Dacia,
2929 1282 3146 1344 Svecia
3201 1288 3263 1343 et
3319 1282 3656 1362 Norvegia‚
3721 1283 4088 1345 facultatem

760 1388 1059 1465 pecunias
1116 1404 1154 1447 a
1203 1404 1270 1448 se
1320 1387 1612 1449 collectas
1660 1393 1721 1449 et
1766 1386 2148 1463 colligendas
2194 1404 2304 1466 per
2349 1392 2726 1448 mercatores
2773 1384 3122 1462 fidedignos
3167 1385 3479 1465 mittendi,
3538 1393 3607 1449 ut
3661 1388 3951 1449 securius
4011 1386 4089 1448 ad

759 1504 1067 1550 cameram
1107 1490 1515 1570 apostolicam
1552 1491 1933 1568 perveniant,
1982 1490 2290 1551 concedit.
2327 1524 2412 1534 —
2447 1490 2753 1566 Ammona,
2800 1489 2918 1550 kal.
2957 1488 3340 1563 Decembris,
3387 1507 3450 1568 p.
3485 1505 3547 1549 n.
3587 1505 3751 1550 anno
3789 1491 4088 1567 septimo.

1377 1591 1709 1657 Diplomatar.
1747 1592 1966 1655 Norveg.
2006 1591 2106 1643 Vll.
2143 1589 2398 1645 214—15.

1064 1711 1282 1783 *2039.
1375 1711 1646 1774 cunnus
1704 1712 1912 1787 (Vltus)
1969 1726 2130 1792 papa
2183 1711 2364 1773 Petro
2421 1710 2496 1790 de
2555 1710 2884 1788 Gandauo‚
2954 1712 3181 1773 rectori
3247 1710 3529 1773 ecclesia}
3589 1726 3641 1772 s.
3700 1708 3954 1773 Martini
4015 1710 4091 1771 de

758 1815 1204 1892 Zomergliem‚
1268 1815 1487 1875 nuntio
1550 1830 1666 1877 suo
1722 1816 1785 1874 in
1847 1814 2067 1892 Dacia,
2127 1806 2342 1874 Svecia
2386 1819 2448 1875 et
2488 1813 2830 1891 Norvegia,
2888 1812 3236 1874 facultatem
3297 1812 3506 1874 omnia
3558 1812 3840 1892 deposita
3883 1830 4092 1891 penes

760 1933 1189 1996 quascumque
1236 1933 1541 1998 personas
1586 1918 1839 1978 nomine
1887 1916 2171 1978 ecclesioe
2208 1915 2505 1978 Romanae
2551 1918 2614 1977 in
2662 1915 2844 1978 dictis
2881 1916 3091 1993 regnis
3137 1915 3298 1976 facta
3341 1913 3593 1994 petendi
3637 1922 3698 1976 et
3741 1914 4090 1993 recipiendi

757 2024 822 2081 et
866 2017 941 2081 de
988 2020 1064 2081 iis
1113 2020 1541 2098 quittationem
1586 2017 1854 2081 faciendi
1900 2019 2208 2080 concedit.
2260 2054 2330 2063 -
2376 2020 2682 2097 Avinione,
2730 2034 2878 2080 non.
2927 2016 3313 2096 Decembris,
3359 2035 3421 2097 p.
3469 2034 3534 2079 n.
3580 2034 3745 2079 anno
3792 2017 4090 2096 septimo.

1370 2120 1706 2185 Diplomatar.
1744 2121 1960 2184 Norveg.
1998 2119 2100 2171 vn.
2137 2120 2255 2173 215.

1063 2240 1281 2306 *2040.
1374 2241 1651 2304 Cernens
1708 2241 1919 2315 (Vltus)
1976 2256 2137 2321 papa
2193 2238 2377 2302 Petro
2439 2239 2514 2301 de
2571 2239 2901 2318 Gandauo,
2971 2240 3196 2299 rectori
3251 2237 3533 2301 ecclesiae
3592 2255 3644 2300 s.
3703 2238 3955 2301 Martini
4013 2238 4094 2300 de

757 2344 1192 2424 Zomerghem,
1240 2346 1457 2406 nuntio
1514 2360 1630 2406 suo
1676 2344 1739 2404 in
1785 2344 1996 2422 Dae-ia,
2046 2343 2262 2404 Svecia
2305 2350 2368 2403 et
2408 2342 2746 2420 Norvegia‚
2807 2347 3178 2421 potestatem
3233 2357 3538 2421 personas
3593 2347 3716 2403 tam
3778 2340 4090 2402 ecclesia-

760 2447 949 2507 sticas
1019 2463 1200 2524 quam
1269 2447 1585 2508 seculares
1653 2446 1958 2507 dictorum
2034 2461 2406 2523 regnorum,
2479 2445 2583 2523 qui
2649 2460 2887 2523 poenas
2955 2449 3016 2505 et
3071 2444 3412 2505 sententias
3469 2444 3870 2522 incurrerint,
3943 2446 4097 2521 quia

757 2565 1000 2609 merces
1061 2549 1384 2610 Saracenis
1444 2555 1505 2609 et
1561 2547 1913 2611 infidelibus
1973 2553 2192 2609 contra
2245 2546 2696 2628 prohibitiones
2765 2546 3142 2624 apostolicas
3210 2546 3575 2625 detulerint,
3643 2545 3718 2639 ab
3787 2547 4093 2625 injunctis

687 2731 692 2736 ⁸
757 2652 980 2730 poenis
1026 2657 1088 2713 et
1134 2652 1462 2713 sententiis
1509 2650 1867 2713 absolvendi
1915 2649 2235 2728 concedit,
2284 2649 2619 2712 dummodo
2665 2651 2838 2730 prius
2885 2650 2943 2710 ei
2987 2648 3343 2728 persolvant
3384 2655 3656 2729 tantum,
3705 2654 4010 2727 quantum
4059 2666 4093 2710 e

414 2978 463 3032 5.
503 2978 684 3030 Decbr.

414 3406 463 3459 5.
502 3406 686 3457 Decbr.

380 3900 452 3963 C.
494 3900 678 3967 1348.

440 4482 627 4549 1349.

357 4671 441 4725 26.
476 4672 690 4725 Ianuar.

420 5096 505 5152 22.
543 5095 690 5150 Febr.

756 2753 1046 2816 damnato
1094 2755 1472 2816 commercio
1518 2754 1768 2816 lucratae
1814 2754 2062 2815 fuerint.
2114 2788 2190 2797 —
2243 2753 2548 2829 Αυὶπίοηε,
2599 2768 2747 2813 non.
2795 2751 3181 2832 DecembriS,
3227 2769 3288 2831 p.
3337 2768 3400 2813 n.
3447 2768 3612 2814 anno
3659 2752 3950 2831 septimo.

1373 2855 1711 2920 Dlplomatar.
1749 2856 1966 2918 Norveg.
2005 2854 2105 2905 Vll.
2145 2853 2262 2908 216.

1062 2975 1279 3040 *2041.
1372 2976 1707 3038 Genuam-is
1777 2974 1937 3051 (Viti)
2018 2992 2193 3055 papae
2273 2975 2489 3035 litterae
2571 2971 3097 3035 commendaticiae
3181 2990 3292 3052 pro
3359 2973 3542 3035 Petro
3617 2973 3693 3035 de
3761 2972 4092 3047 Gandauo,

758 3082 999 3140 rectore
1047 3079 1329 3141 ecclesiae
1376 3078 1451 3141 de
1486 3078 1919 3156 Zomerghem,
1966 3078 2326 3157 apostolicae
2375 3077 2541 3138 sedis
2587 3078 2805 3138 nuntio
2852 3076 2929 3137 ad
2966 3076 3242 3155 Daciam,
3292 3076 3569 3138 Sveciam
3615 3083 3679 3138 et
3713 3075 4092 3152 Norvegiam

756 3180 1088 3260 destinam,
1134 3181 1529 3244 Waldemaro
1576 3182 1706 3257 regi
1740 3180 1946 3242 Daciae
1982 3180 2158 3241 datas.
2197 3214 2276 3223 —
2314 3180 2622 3256 Avinione,
2669 3195 2818 3240 non.
2856 3178 3243 3257 Decembris,
3280 3184 3454 3259 pont.
3491 3196 3554 3239 n.
3591 3195 3756 3241 anno
3793 3179 4090 3258 septimo.

1372 3283 1709 3348 Diplomatar.
1748 3283 1965 3347 Norveg.
2003 3282 2106 3333 vu.
2143 3280 2260 3335 217.

1064 3402 1283 3469 *2042
1375 3403 1711 3465 Ceraunus
1748 3402 1909 3479 (Viti)
1955 3418 2129 3482 papae
2169 3402 2385 3463 litterae
2423 3400 2952 3463 commendaticiae
2993 3415 3106 3477 pro
3141 3400 3323 3463 Petro
3360 3400 3435 3461 de
3473 3400 3792 3478 Gandauo‚
3841 3406 4092 3462 rectore

758 3505 1043 3568 ecclesiae
1078 3505 1154 3568 de
1182 3505 1617 3584 Zomerghem,
1652 3504 2009 3585 apostolicae
2050 3503 2222 3566 sedis
2260 3505 2477 3566 nuntio
2513 3503 2589 3565 ad
2626 3503 2900 3581 Daciam,
2940 3503 3217 3565 Sveciam
3251 3509 3314 3564 et
3346 3501 3711 3579 Norvegiam
3747 3501 4092 3580 destinato,

758 3608 1237 3689 archiepiscopo
1282 3607 1599 3670 Lundensi
1648 3607 1823 3669 datae.
1876 3641 1948 3651 -
2003 3610 2310 3685 Avim'one,
2359 3622 2508 3668 non.
2554 3604 2940 3685 Decembris,
2985 3610 3161 3686 pont.
3209 3622 3271 3666 n.
3320 3621 3484 3666 anno
3533 3606 3820 3684 septimo.

1372 3709 1708 3774 Diplomatar.
1746 3709 1964 3773 Norveg.
2000 3708 2103 3761 vn.
2138 3707 2257 3762 217.

1065 4085 1283 4153 *2043.
1375 4086 1790 4149 Concordatio
1838 4103 2123 4150 ewinus
2159 4087 2510 4148 Lusicssnsis
2556 4086 2617 4146 in
2667 4100 2854 4146 causa
2897 4084 3350 4145 interfectionis
3386 4083 3722 4145 Hermanni
3767 4081 3843 4144 de
3881 4083 4086 4165 Ahus,

760 4190 907 4251 dicti
953 4189 1285 4264 institoris,
1332 4190 1482 4251 civis
1527 4191 1591 4250 in
1638 4187 2055 4268 Vlensborgh,
2102 4206 2246 4251 cum
2292 4188 2546 4249 Hinrico
2593 4188 2778 4249 fratre
2825 4191 2888 4248 et
2930 4204 3120 4248 uxore
3168 4186 3376 4264 hujus.
3429 4220 3504 4229 —
3554 4186 3699 4249 Sine
3745 4202 3933 4247 anno.

1374 4292 1710 4343 urkundenb.
1749 4290 1798 4341 d.
1838 4289 1986 4342 stadt
2020 4291 2234 4344 theck
2267 4289 2327 4341 11.
2363 4288 2617 4343 827-28.
2692 4288 2936 4351 seidelln,
2974 4288 3304 4352 Diplomatar.
3345 4288 3759 4352 Flensborgense
3793 4287 3852 4338 11.
3887 4286 4009 4341 891.

1066 4668 1284 4734 *2044
1376 4668 1650 4731 Cuneus
1698 4668 1907 4745 (Vltus)
1952 4685 2113 4749 papa
2159 4668 2459 4747 episcopo
2496 4666 2888 4729 sleswicensi
2933 4665 3283 4727 facultatem
3332 4664 3630 4727 ecclesias
3677 4670 3739 4726 et
3781 4665 4092 4726 cimiteria

760 4788 889 4835 suae
950 4771 1223 4834 diocesis
1279 4772 1501 4834 violata
1556 4788 1668 4850 per
1726 4770 2116 4833 sacerdotem
2177 4770 2468 4831 idoneum
2530 4768 3003 4847 reconciliandi,
3072 4784 3234 4846 aqua
3296 4768 3470 4847 prius
3537 4783 3649 4847 per
3713 4768 4086 4847 episcopum

758 4876 1024 4954 aliquem
1056 4874 1407 4955 benedicta,
1444 4873 1753 4936 concedit.
1779 4908 1860 4918 —
1901 4875 2210 4951 Αυὶηῑοηε,
2246 4871 2374 4933 Vll.
2401 4872 2518 4933 kal.
2545 4872 2881 4951 Februarii,
2919 4869 3317 4950 pontificatus
3353 4871 3550 4932 nostri
3589 4886 3754 4931 anno
3791 4872 4086 4950 septimo.

1372 4977 1447 5040 Ny
1479 4975 1748 5027 kirkehlst.
1787 4974 2080 5040 Samlinger
2116 4973 2195 5025 Ν.
2232 4974 2349 5028 369.

1093 5098 1283 5164 2318.
1374 5097 1553 5157 Bloch,
1591 5095 1755 5161 Fyens
1793 5096 2142 5160 Golstligheds
2178 5096 2306 5147 Hist.
2344 5093 2380 5145 Ι.
2417 5093 2670 5149 234-35,
