4275 5759
1318 362 1534 447 Kone
1589 362 1985 459 VALnnimz
2036 367 2434 444 Armanas.
3381 375 3526 451 279

520 637 733 707 *1981.
824 637 1059 721 Biskop
1104 637 1295 701 Jousn
1341 638 1408 699 af
1447 637 1703 701 Utrecht
1746 638 2008 701 forviser
2051 656 2168 719 paa
2214 639 2425 703 Grund
2475 641 2540 702 af
2579 640 2984 719 Uroligheder
3039 643 3188 705 flere
3233 643 3529 724 Borgere,

246 740 633 809 hvorimellem
660 741 861 811 Johan
900 742 993 803 fra
1026 740 1307 805 Daunus
1343 742 1409 802 af
1438 741 1541 805 det
1572 740 1775 819 gamle
1800 740 2243 819 Skraedderlav,
2283 744 2373 803 fra
2397 743 2646 807 Staden.
2689 780 2764 789 —
2805 745 2974 806 Sinte
3003 744 3310 809 Barbaren
3347 746 3528 810 dach.

3125 847 3532 924 (nouanda.)

820 928 941 979 Ant.
977 927 1221 989 Matthaei,
1259 928 1460 979 Veteris
1496 930 1595 981 aevi
1632 927 1871 979 analecta
1907 927 1989 979 ΙΙΙ.
2026 927 2315 983 605—608.

514 1064 731 1131 *1982
821 1065 1124 1128 Iomanes
1148 1065 1477 1145 Mannum,
1512 1066 1889 1146 praepositus
1918 1066 2202 1128 ecclesiae
2229 1084 2280 1128 s.
2311 1067 2532 1129 Crucis
2557 1067 2947 1146 Leodiensis,
2986 1071 3171 1131 curioe
3205 1070 3529 1131 cameralis

240 1182 387 1247 papae
430 1168 739 1247 generalis
782 1168 1058 1249 auditor,
1116 1169 1260 1231 viris
1318 1169 1761 1233 ecclesiasticis
1818 1170 1881 1229 in
1940 1170 2276 1247 provinciis
2321 1169 2678 1247 Bremensi,
2725 1171 3080 1250 Lundensi,
3141 1172 3525 1249 Coloniensi,

240 1269 601 1333 sleswicensi
658 1276 719 1333 et
771 1271 909 1333 aliis
965 1270 1281 1349 notificat,
1336 1288 1409 1333 se
1452 1272 1845 1351 Ludolphum
1890 1271 2216 1334 Michaelis
2279 1272 2575 1335 clericum
2619 1272 3048 1337 Luhecensem
3099 1275 3526 1337 excommuni-

238 1387 377 1432 care.
450 1408 536 1417 —
606 1372 907 1434 Ammonii
972 1376 1059 1449 (oz
1130 1373 1510 1453 [famem-qi),
1590 1374 1687 1435 die
1772 1380 1987 1450 quarta
2062 1375 2299 1435 mensis
2360 1373 2759 1455 Decembris,
2839 1376 3115 1454 pontific.
3189 1376 3526 1438 Clementis

238 1472 323 1537 Vl.
360 1492 523 1547 anno
568 1476 639 1539 V.

820 1577 1173 1643 westphalsn,
1210 1578 1547 1634 nonomenta
1582 1577 1643 1630 ΙΙ.
1681 1577 1932 1633 171-72.

514 1714 730 1779 *1983.
818 1715 1121 1782 Nicotaus
1165 1716 1463 1787 Munna?
1510 1718 1572 1779 in
1620 1717 1881 1778 salutem
1927 1718 2147 1778 animae
2195 1716 2420 1779 Kanuti
2464 1717 2797 1781 Niclesson
2846 1719 3094 1797 militis,
3151 1720 3358 1781 fratris
3407 1720 3527 1797 sui,

235 1834 397 1894 quem
436 1819 861 1897 interfecerat,
911 1821 1088 1897 juxta
1142 1818 1604 1897 placitationem
1653 1821 1815 1882 iuter
1860 1836 1928 1881 se
1974 1825 2035 1881 et
2080 1818 2406 1881 Nicolaum
2453 1819 2773 1883 Knutsson
2821 1822 3174 1884 fratruelem
3221 1839 3404 1883 suum
3451 1822 3524 1885 ad

234 1920 399 1989 altare
439 1922 502 1985 in
548 1922 817 1985 ecclesia
859 1921 1179 1986 hundensi
1225 1921 1716 1987 construendum
1775 1924 1984 1987 omnia
2035 1919 2206 1986 hona
2249 1938 2362 1984 sua
2405 1923 2468 1982 in
2518 1922 2803 2002 ssrmyele
2849 1925 2914 1985 in
2959 1923 3526 2001 Waemundehogs-

234 2022 403 2085 haeret
454 2025 515 2084 in
561 2024 787 2090 scania
838 2026 959 2090 sita
1011 2026 1292 2102 assignat
1348 2030 1411 2090 et
1468 2030 1691 2087 scotat.
1750 2060 1831 2069 -—
1890 2024 2154 2103 Laudis,
2211 2024 2470 2088 sabbato
2527 2042 2699 2103 prox.
2759 2032 2903 2103 post
2959 2027 3120 2089 diem
3176 2027 3240 2089 h.
3287 2026 3524 2090 Nicolai

233 2126 486 2207 episcopi
532 2133 593 2189 et
637 2127 805 2190 conf.

816 2229 949 2293 Dlpl.
987 2230 1225 2293 Svecan„
1262 2228 1343 2281 sd.
1379 2230 1435 2281 B.
1464 2229 1521 2281 E.
1549 2228 1868 2288 Hudebrand
1901 2229 1958 2281 V.
1995 2228 2250 2289 623—24.

507 2349 726 2415 *1984.
816 2350 1185 2430 luomuucis,
1216 2351 1499 2415 ducissa
1541 2351 1828 2429 Sweciae‚
1885 2349 2222 2412 Ballandiae
2271 2356 2332 2411 et
2375 2350 2628 2428 Samso,
2677 2354 2909 2415 curiam
2955 2352 3175 2431 Bergis
3222 2356 3524 2418 Nicholao

232 2450 634 2531 Plougpennig
670 2460 731 2527 et
766 2452 1081 2530 lngihurgi
1104 2454 1373 2520 Monens
1408 2454 1609 2531 doter,
1644 2455 1927 2516 consorti
1953 2456 2109 2532 ejus,
2149 2460 2214 2515 et
2245 2452 2456 2515 liberis
2491 2454 2628 2531 ejus
2666 2454 2891 2517 futuris
2930 2463 3185 2536 propter
3219 2457 3520 2521 diutinum

232 2558 287 2613 et
324 2553 493 2621 fidele
535 2556 907 2635 obsequium
955 2562 1177 2619 scotat.
1224 2590 1309 2601 --
1352 2556 1679 2619 Dominica
1724 2555 2002 2619 secunda
2042 2555 2342 2617 adventus
2390 2556 2660 2620 Domini.

813 2658 943 2723 Dlpl.
982 2660 1219 2719 Svecan„
1258 2659 1336 2710 ed.
1374 2659 1427 2710 B.
1456 2659 1515 2710 E.
1544 2658 1863 2710 fllldebrand
1898 2657 1955 2708 V.
1992 2657 2250 2711 624—25.
2321 2657 2657 2722 Dlplomatar.
2695 2660 2910 2723 Norveg.
2948 2660 2984 2711 1.
3021 2660 3274 2717 238—39.

531 2794 721 2861 2289,
811 2796 1017 2860 Bunge,
1071 2796 1237 2859 le.-,
1289 2796 1463 2847 Esth.-
1510 2810 1563 2847 u.
1612 2795 2025 2848 Gnrlfindisches
2069 2793 2409 2846 Urknndenb.
2467 2795 2525 2847 11.
2573 2794 2689 2849 421.
2779 2797 2950 2861 Tydsk
2993 2797 3172 2850 OverS.
3229 2801 3245 2849 l
3292 2800 3519 2850 Monum.

809 2880 1059 2943 Llroniae,
1096 2882 1203 2935 ant.
1233 2882 1307 2935 St.

530 3018 719 3083 2290,
814 3021 1018 3083 Bunge,
1064 3019 1223 3081 le.-,
1272 3020 1449 3072 Esth.-
1484 3032 1537 3070 u.
1576 3018 1986 3071 Curiandisches
2022 3017 2361 3070 Urkundenb.
2409 3016 2468 3067 n.
2506 3016 2760 3070 421—22.
2840 3017 3046 3079 Riedel,
3095 3020 3268 3071 Codex
3303 3021 3519 3085 diplom.

810 3104 1203 3170 Brundenhurg.
1248 3107 1298 3161 2.
1337 3104 1579 3171 Hauptth.
1628 3106 1688 3156 11.
1729 3105 1842 3159 190.
1914 3104 2254 3157 Urknndenb.
2291 3102 2340 3153 d.
2381 3102 2530 3157 stadt
2573 3104 2784 3155 Lubeck
2830 3104 2888 3155 ll.
2932 3104 3050 3158 803.
3142 3106 3448 3171 Brudstykk.
3503 3109 3520 3156 l

811 3192 1325 3257 llleklenburglsches
1360 3191 1699 3247 urkundenb.
1736 3192 1792 3241 X.
1832 3190 1913 3245 77.
1984 3190 2156 3255 Tydsk
2193 3190 2370 3241 Overs.
2408 3192 2427 3239 i
2464 3190 2689 3241 Menum.
2731 3189 2978 3252 Livonlae,
3015 3192 3119 3243 ani.
3149 3192 3224 3243 St.

505 3326 721 3392 *1985
814 3328 967 3393 Sumo
1014 3330 1317 3393 Joonssou
1366 3330 1441 3392 de
1486 3329 1815 3391 Barsabaek
1863 3328 2258 3406 Benechino,
2308 3328 2614 3389 canonico
2662 3327 3012 3406 Lundensi,
3063 3330 3295 3391 curiam
3344 3347 3517 3392 suam

232 3428 285 3487 in
343 3428 633 3509 Malaryth
700 3434 763 3493 in
829 3431 1127 3511 parochia
1190 3432 1588 3511 Fraenynghae
1657 3436 1718 3492 in
1788 3432 2150 3494 Faershaeret
2215 3433 2394 3493 sitam
2463 3429 2688 3491 vendit.
2763 3466 2834 3475 -—
2911 3432 3166 3510 Leandis,
3247 3434 3520 3494 crastino

232 3529 279 3590 b.
322 3531 547 3595 Thome
592 3534 881 3613 apostoli.

813 3636 948 3701 mpl.
984 3638 1223 3697 Svecan„
1258 3638 1339 3689 ed.
1378 3638 1431 3689 B.
1459 3638 1516 3693 Ε.
1544 3637 1863 3691 lindebi-und
1897 3638 1953 3689 V.
1990 3638 2107 3693 626.

1742 3898 1992 3982 1347.
2114 3973 2116 3975 ,

508 4099 719 4166 *1986.
813 4101 1147 4165 Caum-is
1193 4098 1355 4177 (Vltl)
1410 4117 1583 4181 papae
1641 4100 1857 4165 litterae
1913 4100 1991 4163 ad
2047 4100 2446 4179 episcopum,
2506 4099 3010 4162 archidiaconum
3073 4106 3132 4161 et
3179 4101 3516 4179 capitulum

230 4196 480 4279 Ripense
523 4204 699 4283 datae,
747 4203 973 4284 quibus
1020 4214 1240 4264 omnes
1288 4202 1602 4264 libertates
1650 4210 1710 4264 et
1753 4204 2174 4264 immunitates
2221 4221 2257 4264 a
2294 4202 2865 4282 praedecessoribus
2913 4204 3042 4263 suis
3089 4209 3150 4264 et
3195 4220 3232 4264 a
3265 4202 3516 4279 regibus

229 4309 279 4361 et
326 4304 702 4390 principibus
759 4313 823 4370 et
873 4307 1008 4369 aliis
1066 4306 1300 4367 Christi
1354 4304 1637 4367 fidelibus
1700 4306 1982 4367 ecclesiae
2041 4322 2255 4369 eorum
2304 4322 2644 4367 concessas
2691 4305 3037 4367 confirmat.
3095 4342 3160 4349 -
3211 4307 3513 4383 Ammon„

231 4404 287 4465 V.
330 4406 463 4471 idus
506 4408 799 4489 Ianuarii,
844 4408 1244 4490 pontificatus
1290 4410 1489 4470 nostri
1536 4425 1699 4469 anno
1747 4410 1983 4486 quinto.

811 4510 866 4563 P.
892 4511 1176 4575 Tei-puger,
1225 4510 1367 4575 Rlpae
1403 4510 1681 4563 Cimbrlcae
1728 4504 2062 4564 s.‘188—89.
2148 4511 2322 4561 Dansk
2357 4510 2535 4561 oven.
2582 4512 2599 4559 l
2643 4509 2836 4569 Klnch,
2885 4510 3014 4560 Ribe
3055 4508 3152 4573 Bys
3188 4509 3316 4560 Hist.
3363 4508 3516 4560 ludtll

808 4596 1035 4649 Reform.
1072 4596 1124 4648 S.
1154 4596 1405 4651 193—94.

500 4732 719 4798 *1987.
808 4734 1079 4797 Esonuus
1144 4734 1419 4799 Esarson
1490 4734 1694 4796 dictus
1760 4733 1929 4797 Knoo
1997 4751 2071 4795 ex
2134 4740 2311 4817 parte
2379 4734 2677 4797 heredum
2747 4733 3030 4795 Nicholai
3090 4732 3384 4811 Ehhyson
3449 4733 3512 4793 in

226 4836 511 4897 communi
554 4836 785 4916 placito
829 4838 1073 4901 Wenlie
1118 4838 1285 4900 hona
1330 4837 1609 4917 quaedam
1656 4839 1717 4898 in
1764 4836 2133 4917 Tholstorp,
2185 4837 2541 4916 Haesylhek,
2591 4836 3122 4913 Sendaerhinzlaef,
3170 4834 3408 4917 Skysby
3453 4840 3513 4895 et

223 4930 705 5021 Nerraeharyslaef
763 4942 1079 5003 Thorkillo
1137 4940 1304 5008 Hwal
1360 4957 1473 5022 pro
1531 4940 1616 5005 23
1670 4942 1899 5002 marcis
1954 4942 2194 5017 argenti
2252 4940 2436 5001 dativi
2491 4940 2885 5019 impignorat.
2940 4972 3017 4982 —
3075 4939 3308 5016 Quarta
3361 4938 3514 4999 feria

224 5050 375 5112 prox.
416 5046 563 5120 post
605 5044 1014 5123 epyphaniam
1058 5044 1330 5106 Domini.

809 5148 1013 5201 Danske
1048 5149 1277 5212 nagazin
1312 5146 1364 5201 3.
1392 5146 1579 5199 Raekke
1616 5146 1670 5196 V.
1706 5143 1926 5200 87—88.

3655 540 3840 608 1346.

3600 642 3650 697 4.
3687 643 3866 699 nocht.

3598 1067 3646 1121 4.
3685 1068 3865 1121 Decbr.

3598 1720 3644 1775 9.
3684 1720 3867 1774 nocht.

3596 2352 3678 2407 10.
3716 2353 3896 2409 Decbr.

3593 2798 3677 2850 19.
3715 2799 3892 2850 Deobr.

3591 3019 3671 3072 19.
3709 3020 3891 3072 Dechr.

3589 3328 3672 3381 22.
3712 3329 3892 3380 Decbr.

3645 3895 3822 3960 1347.

3585 4100 3634 4153 9.
3669 4101 3865 4151 Januar

3585 4734 3665 4793 10.
3704 4735 3918 4789 Ianuar.
