<?xml version="1.0" encoding="UTF-8"?>
<!DOCTYPE html PUBLIC "-//W3C//DTD XHTML 1.0 Transitional//EN"
    "http://www.w3.org/TR/xhtml1/DTD/xhtml1-transitional.dtd">
<html xmlns="http://www.w3.org/1999/xhtml" xml:lang="en" lang="en">
 <head>
  <title>
</title>
<meta http-equiv="Content-Type" content="text/html;charset=utf-8" />
  <meta name='ocr-system' content='tesseract 3.04.00' />
  <meta name='ocr-capabilities' content='ocr_page ocr_carea ocr_par ocr_line ocrx_word'/>
</head>
<body>
  <div class='ocr_page' id='page_1' title='image "./regestadiplomat00unkngoog_0587.png"; bbox 0 0 4275 5759; ppageno 0'>
   <div class='ocr_carea' id='block_1_1' title="bbox 1362 361 3540 435">
    <p class='ocr_par' dir='ltr' id='par_1_1' title="bbox 1362 361 3540 435">
     <span class='ocr_line' id='line_1_1' title="bbox 1362 361 3540 435; baseline 0 -2"><span class='ocrx_word' id='word_1_1' title='bbox 1362 361 1579 434; x_wconf 70' lang='lat' dir='ltr'><strong>Konc</strong></span> <span class='ocrx_word' id='word_1_2' title='bbox 1635 363 1821 434; x_wconf 77' lang='lat' dir='ltr'><strong>Eam</strong></span> <span class='ocrx_word' id='word_1_3' title='bbox 1876 385 1963 434; x_wconf 68' lang='lat' dir='ltr'><strong>Ar</strong></span> <span class='ocrx_word' id='word_1_4' title='bbox 2017 361 2389 434; x_wconf 64' lang='lat' dir='ltr'><strong>Pomm.</strong></span> <span class='ocrx_word' id='word_1_5' title='bbox 3390 365 3540 435; x_wconf 83' lang='lat'><strong>495</strong></span> 
     </span>
    </p>
   </div>
   <div class='ocr_carea' id='block_1_2' title="bbox 1797 501 2129 509">
    <p class='ocr_par' dir='ltr' id='par_1_2' title="bbox 1797 501 2129 509">
     <span class='ocr_line' id='line_1_2' title="bbox 1797 501 2129 509; baseline 0 5250"><span class='ocrx_word' id='word_1_6' title='bbox 1797 501 2129 509; x_wconf 95' lang='lat' dir='ltr'><strong> </strong></span> 
     </span>
    </p>
   </div>
   <div class='ocr_carea' id='block_1_3' title="bbox 3667 527 3852 592">
    <p class='ocr_par' dir='ltr' id='par_1_3' title="bbox 3667 527 3852 592">
     <span class='ocr_line' id='line_1_3' title="bbox 3667 527 3852 592; baseline -0.016 1"><span class='ocrx_word' id='word_1_7' title='bbox 3667 527 3852 592; x_wconf 80' lang='lat'><strong>1402.</strong></span> 
     </span>
    </p>
   </div>
   <div class='ocr_carea' id='block_1_4' title="bbox 202 632 3537 716">
    <p class='ocr_par' dir='ltr' id='par_1_4' title="bbox 202 632 3537 716">
     <span class='ocr_line' id='line_1_4' title="bbox 202 632 3537 716; baseline -0.001 -21"><span class='ocrx_word' id='word_1_8' title='bbox 202 636 430 696; x_wconf 88' lang='lat' dir='ltr'><strong>saitem</strong></span> <span class='ocrx_word' id='word_1_9' title='bbox 478 637 615 698; x_wconf 75' lang='lat' dir='ltr'><strong>vico</strong></span> <span class='ocrx_word' id='word_1_10' title='bbox 670 636 1039 698; x_wconf 86' lang='lat' dir='ltr'><strong>intermedio</strong></span> <span class='ocrx_word' id='word_1_11' title='bbox 1086 639 1378 714; x_wconf 79' lang='lat' dir='ltr'><strong>contigue</strong></span> <span class='ocrx_word' id='word_1_12' title='bbox 1424 637 1503 697; x_wconf 89' lang='lat' dir='ltr'><strong>ad</strong></span> <span class='ocrx_word' id='word_1_13' title='bbox 1548 637 1817 698; x_wconf 78' lang='lat' dir='ltr'><strong>australe</strong></span> <span class='ocrx_word' id='word_1_14' title='bbox 1864 639 2030 716; x_wconf 81' lang='lat' dir='ltr'><strong>sitoe,</strong></span> <span class='ocrx_word' id='word_1_15' title='bbox 2090 635 2167 698; x_wconf 90' lang='lat' dir='ltr'><strong>ad</strong></span> <span class='ocrx_word' id='word_1_16' title='bbox 2215 637 2464 711; x_wconf 88' lang='lat' dir='ltr'><strong>triginta</strong></span> <span class='ocrx_word' id='word_1_17' title='bbox 2506 651 2708 696; x_wconf 88' lang='lat' dir='ltr'><strong>annos</strong></span> <span class='ocrx_word' id='word_1_18' title='bbox 2753 635 3148 713; x_wconf 85' lang='lat' dir='ltr'><strong>impignorat.</strong></span> <span class='ocrx_word' id='word_1_19' title='bbox 3197 665 3279 678; x_wconf 89' lang='lat'><strong>-—</strong></span> <span class='ocrx_word' id='word_1_20' title='bbox 3323 632 3438 694; x_wconf 88' lang='lat' dir='ltr'><strong>Die</strong></span> <span class='ocrx_word' id='word_1_21' title='bbox 3485 651 3537 694; x_wconf 86' lang='lat' dir='ltr'><strong>s.</strong></span> 
     </span>
    </p>
   </div>
   <div class='ocr_carea' id='block_1_5' title="bbox 202 737 2454 818">
    <p class='ocr_par' dir='ltr' id='par_1_5' title="bbox 202 737 2454 818">
     <span class='ocr_line' id='line_1_5' title="bbox 202 737 2454 818; baseline 0.003 -21"><span class='ocrx_word' id='word_1_22' title='bbox 202 737 475 814; x_wconf 83' lang='lat' dir='ltr'><strong>Remigii</strong></span> <span class='ocrx_word' id='word_1_23' title='bbox 525 746 587 799; x_wconf 88' lang='lat' dir='ltr'><strong>et</strong></span> <span class='ocrx_word' id='word_1_24' title='bbox 632 738 884 799; x_wconf 84' lang='lat' dir='ltr'><strong>Vedasti</strong></span> <span class='ocrx_word' id='word_1_25' title='bbox 929 739 1317 818; x_wconf 78' lang='lat' dir='ltr'><strong>pontificum.</strong></span> <span class='ocrx_word' id='word_1_26' title='bbox 2445 785 2454 792; x_wconf 83' lang='lat'>-</span> 
     </span>
    </p>
   </div>
   <div class='ocr_carea' id='block_1_6' title="bbox 820 837 3538 982">
    <p class='ocr_par' dir='ltr' id='par_1_6' title="bbox 820 837 3538 982">
     <span class='ocr_line' id='line_1_6' title="bbox 824 837 3538 906; baseline -0.001 -14"><span class='ocrx_word' id='word_1_27' title='bbox 824 841 883 892; x_wconf 89' lang='grc' dir='ltr'><strong>Ο.</strong></span> <span class='ocrx_word' id='word_1_28' title='bbox 912 842 1139 904; x_wconf 79' lang='lat' dir='ltr'><strong>Nislsen,</strong></span> <span class='ocrx_word' id='word_1_29' title='bbox 1175 841 1545 904; x_wconf 75' lang='lat' dir='ltr'><strong>Kjebonhavns</strong></span> <span class='ocrx_word' id='word_1_30' title='bbox 1576 842 2007 906; x_wconf 76' lang='lat' dir='ltr'><strong>biplomatarlum</strong></span> <span class='ocrx_word' id='word_1_31' title='bbox 2048 841 2104 893; x_wconf 90' lang='lat' dir='ltr'><strong>ll.</strong></span> <span class='ocrx_word' id='word_1_32' title='bbox 2140 839 2363 894; x_wconf 81' lang='lat'><strong>30-32.</strong></span> <span class='ocrx_word' id='word_1_33' title='bbox 2436 839 2643 890; x_wconf 80' lang='lat' dir='ltr'><strong>Brndst.</strong></span> <span class='ocrx_word' id='word_1_34' title='bbox 2683 842 2700 888; x_wconf 90' lang='lat' dir='ltr'><strong>i</strong></span> <span class='ocrx_word' id='word_1_35' title='bbox 2727 839 2943 898; x_wconf 72' lang='lat' dir='ltr'><strong>Hauon,</strong></span> <span class='ocrx_word' id='word_1_36' title='bbox 2982 838 3088 889; x_wconf 88' lang='lat' dir='ltr'><strong>Den</strong></span> <span class='ocrx_word' id='word_1_37' title='bbox 3128 837 3325 888; x_wconf 76' lang='lat' dir='ltr'><strong>danske</strong></span> <span class='ocrx_word' id='word_1_38' title='bbox 3355 837 3538 888; x_wconf 82' lang='lat' dir='ltr'><strong>Pante-</strong></span> 
     </span>
     <span class='ocr_line' id='line_1_7' title="bbox 820 927 1332 982; baseline 0 -3"><span class='ocrx_word' id='word_1_39' title='bbox 820 933 929 980; x_wconf 85' lang='lat' dir='ltr'><strong>rets</strong></span> <span class='ocrx_word' id='word_1_40' title='bbox 965 928 1095 979; x_wconf 78' lang='lat' dir='ltr'><strong>Hist.</strong></span> <span class='ocrx_word' id='word_1_41' title='bbox 1134 929 1185 978; x_wconf 90' lang='lat' dir='ltr'><strong>S.</strong></span> <span class='ocrx_word' id='word_1_42' title='bbox 1218 927 1332 982; x_wconf 81' lang='lat'><strong>175.</strong></span> 
     </span>
    </p>
   </div>
   <div class='ocr_carea' id='block_1_7' title="bbox 194 1059 3938 1246">
    <p class='ocr_par' dir='ltr' id='par_1_7' title="bbox 194 1059 3938 1246">
     <span class='ocr_line' id='line_1_8' title="bbox 513 1059 3938 1129; baseline -0.003 -1"><span class='ocrx_word' id='word_1_43' title='bbox 513 1063 733 1128; x_wconf 61' lang='lat'>*3793</span> <span class='ocrx_word' id='word_1_44' title='bbox 822 1063 1133 1128; x_wconf 61' lang='lat' dir='ltr'><strong>Minruws</strong></span> <span class='ocrx_word' id='word_1_45' title='bbox 1203 1067 1603 1129; x_wconf 73' lang='lat' dir='ltr'><strong>Gonscusson</strong></span> <span class='ocrx_word' id='word_1_46' title='bbox 1670 1065 1819 1126; x_wconf 87' lang='lat' dir='ltr'><strong>civis</strong></span> <span class='ocrx_word' id='word_1_47' title='bbox 1892 1065 2228 1124; x_wconf 81' lang='lat' dir='ltr'><strong>Hainensis</strong></span> <span class='ocrx_word' id='word_1_48' title='bbox 2301 1063 2644 1124; x_wconf 76' lang='lat' dir='ltr'><strong>Alexandro</strong></span> <span class='ocrx_word' id='word_1_49' title='bbox 2712 1063 2982 1123; x_wconf 82' lang='lat' dir='ltr'><strong>Jensson</strong></span> <span class='ocrx_word' id='word_1_50' title='bbox 3053 1064 3288 1124; x_wconf 89' lang='lat' dir='ltr'><strong>curiam</strong></span> <span class='ocrx_word' id='word_1_51' title='bbox 3361 1077 3536 1122; x_wconf 88' lang='lat' dir='ltr'><strong>suam</strong></span> <span class='ocrx_word' id='word_1_52' title='bbox 3607 1060 3690 1114; x_wconf 82' lang='grc'><strong>27-</strong></span> <span class='ocrx_word' id='word_1_53' title='bbox 3729 1059 3938 1112; x_wconf 79' lang='lat' dir='ltr'><strong>Octobr.</strong></span> 
     </span>
     <span class='ocr_line' id='line_1_9' title="bbox 194 1164 3536 1246; baseline -0 -21"><span class='ocrx_word' id='word_1_54' title='bbox 194 1166 559 1228; x_wconf 84' lang='lat' dir='ltr'><strong>immediate</strong></span> <span class='ocrx_word' id='word_1_55' title='bbox 596 1171 775 1246; x_wconf 83' lang='lat' dir='ltr'><strong>juxta</strong></span> <span class='ocrx_word' id='word_1_56' title='bbox 818 1169 1189 1230; x_wconf 76' lang='lat' dir='ltr'><strong>cimiterium</strong></span> <span class='ocrx_word' id='word_1_57' title='bbox 1234 1169 1401 1229; x_wconf 87' lang='lat' dir='ltr'><strong>beati</strong></span> <span class='ocrx_word' id='word_1_58' title='bbox 1446 1169 1731 1231; x_wconf 87' lang='lat' dir='ltr'><strong>Nicbolai</strong></span> <span class='ocrx_word' id='word_1_59' title='bbox 1778 1169 2013 1228; x_wconf 80' lang='lat' dir='ltr'><strong>Hafniae</strong></span> <span class='ocrx_word' id='word_1_60' title='bbox 2060 1166 2139 1226; x_wconf 89' lang='lat' dir='ltr'><strong>ad</strong></span> <span class='ocrx_word' id='word_1_61' title='bbox 2187 1167 2484 1228; x_wconf 87' lang='lat' dir='ltr'><strong>occidens</strong></span> <span class='ocrx_word' id='word_1_62' title='bbox 2531 1168 2692 1226; x_wconf 90' lang='lat' dir='ltr'><strong>inter</strong></span> <span class='ocrx_word' id='word_1_63' title='bbox 2737 1164 2952 1224; x_wconf 87' lang='lat' dir='ltr'><strong>ambas</strong></span> <span class='ocrx_word' id='word_1_64' title='bbox 3005 1165 3238 1242; x_wconf 76' lang='lat' dir='ltr'>plateas</span> <span class='ocrx_word' id='word_1_65' title='bbox 3297 1165 3536 1240; x_wconf 82' lang='lat' dir='ltr'><strong>regales</strong></span> 
     </span>
    </p>
   </div>
   <div class='ocr_carea' id='block_1_8' title="bbox 196 1269 2236 1436">
    <p class='ocr_par' dir='ltr' id='par_1_8' title="bbox 196 1269 2236 1436">
     <span class='ocr_line' id='line_1_10' title="bbox 196 1269 1980 1352; baseline 0.002 -25"><span class='ocrx_word' id='word_1_66' title='bbox 196 1269 385 1330; x_wconf 88' lang='lat' dir='ltr'><strong>sitam</strong></span> <span class='ocrx_word' id='word_1_67' title='bbox 433 1270 666 1332; x_wconf 89' lang='lat' dir='ltr'><strong>vendit.</strong></span> <span class='ocrx_word' id='word_1_68' title='bbox 712 1305 795 1314; x_wconf 95' lang='lat'>—</span> <span class='ocrx_word' id='word_1_69' title='bbox 840 1271 1064 1348; x_wconf 80' lang='lat' dir='ltr'><strong>vigilia</strong></span> <span class='ocrx_word' id='word_1_70' title='bbox 1107 1278 1309 1352; x_wconf 82' lang='lat' dir='ltr'><strong>apost.</strong></span> <span class='ocrx_word' id='word_1_71' title='bbox 1360 1272 1649 1351; x_wconf 83' lang='lat' dir='ltr'><strong>Symonis</strong></span> <span class='ocrx_word' id='word_1_72' title='bbox 1695 1277 1757 1331; x_wconf 88' lang='lat' dir='ltr'><strong>et</strong></span> <span class='ocrx_word' id='word_1_73' title='bbox 1801 1269 1980 1332; x_wconf 76' lang='lat' dir='ltr'><strong>lude.</strong></span> 
     </span>
     <span class='ocr_line' id='line_1_11' title="bbox 822 1371 2236 1436; baseline -0.001 -12"><span class='ocrx_word' id='word_1_74' title='bbox 822 1375 879 1424; x_wconf 92' lang='lat'><strong>0.</strong></span> <span class='ocrx_word' id='word_1_75' title='bbox 909 1374 1137 1434; x_wconf 86' lang='lat' dir='ltr'><strong>Nielsen,</strong></span> <span class='ocrx_word' id='word_1_76' title='bbox 1176 1375 1547 1436; x_wconf 76' lang='lat' dir='ltr'><strong>Kjabenhavns</strong></span> <span class='ocrx_word' id='word_1_77' title='bbox 1587 1373 2021 1436; x_wconf 78' lang='lat' dir='ltr'><strong>Diplomatarium</strong></span> <span class='ocrx_word' id='word_1_78' title='bbox 2056 1372 2115 1423; x_wconf 88' lang='lat'><strong>11.</strong></span> <span class='ocrx_word' id='word_1_79' title='bbox 2153 1371 2236 1426; x_wconf 81' lang='lat'><strong>32.</strong></span> 
     </span>
    </p>
   </div>
   <div class='ocr_carea' id='block_1_9' title="bbox 195 1507 3881 1694">
    <p class='ocr_par' dir='ltr' id='par_1_9' title="bbox 195 1507 3881 1694">
     <span class='ocr_line' id='line_1_12' title="bbox 512 1507 3881 1584; baseline -0.002 -11"><span class='ocrx_word' id='word_1_80' title='bbox 512 1509 730 1574; x_wconf 62' lang='lat'>*3794</span> <span class='ocrx_word' id='word_1_81' title='bbox 820 1512 1173 1574; x_wconf 72' lang='lat' dir='ltr'><strong>Lscnoaun</strong></span> <span class='ocrx_word' id='word_1_82' title='bbox 1220 1513 1599 1574; x_wconf 69' lang='lat' dir='ltr'><strong>Aneucomm</strong></span> <span class='ocrx_word' id='word_1_83' title='bbox 1660 1511 1719 1570; x_wconf 90' lang='lat' dir='ltr'><strong>in</strong></span> <span class='ocrx_word' id='word_1_84' title='bbox 1771 1511 1967 1571; x_wconf 87' lang='lat' dir='ltr'><strong>Dania</strong></span> <span class='ocrx_word' id='word_1_85' title='bbox 2019 1508 2095 1570; x_wconf 87' lang='lat' dir='ltr'><strong>ad</strong></span> <span class='ocrx_word' id='word_1_86' title='bbox 2155 1520 2438 1571; x_wconf 86' lang='lat' dir='ltr'><strong>senatum</strong></span> <span class='ocrx_word' id='word_1_87' title='bbox 2489 1510 2661 1584; x_wconf 88' lang='lat' dir='ltr'><strong>regni</strong></span> <span class='ocrx_word' id='word_1_88' title='bbox 2713 1509 2944 1584; x_wconf 77' lang='lat' dir='ltr'><strong>Angliae</strong></span> <span class='ocrx_word' id='word_1_89' title='bbox 2994 1509 3206 1567; x_wconf 67' lang='lat' dir='ltr'><strong>litterae</strong></span> <span class='ocrx_word' id='word_1_90' title='bbox 3255 1507 3330 1567; x_wconf 89' lang='lat' dir='ltr'><strong>de</strong></span> <span class='ocrx_word' id='word_1_91' title='bbox 3379 1524 3534 1569; x_wconf 91' lang='lat' dir='ltr'><strong>con-</strong></span> <span class='ocrx_word' id='word_1_92' title='bbox 3607 1508 3655 1560; x_wconf 82' lang='lat'><strong>2.</strong></span> <span class='ocrx_word' id='word_1_93' title='bbox 3695 1509 3881 1560; x_wconf 81' lang='lat' dir='ltr'><strong>Novhr.</strong></span> 
     </span>
     <span class='ocr_line' id='line_1_13' title="bbox 195 1611 3538 1694; baseline 0 -24"><span class='ocrx_word' id='word_1_94' title='bbox 195 1611 545 1674; x_wconf 84' lang='lat' dir='ltr'><strong>ditionibus</strong></span> <span class='ocrx_word' id='word_1_95' title='bbox 594 1615 971 1676; x_wconf 78' lang='lat' dir='ltr'><strong>matrimonii</strong></span> <span class='ocrx_word' id='word_1_96' title='bbox 1014 1616 1175 1676; x_wconf 91' lang='lat' dir='ltr'><strong>inter</strong></span> <span class='ocrx_word' id='word_1_97' title='bbox 1220 1615 1492 1694; x_wconf 87' lang='lat' dir='ltr'><strong>Ericum,</strong></span> <span class='ocrx_word' id='word_1_98' title='bbox 1552 1630 1761 1690; x_wconf 90' lang='lat' dir='ltr'><strong>regem</strong></span> <span class='ocrx_word' id='word_1_99' title='bbox 1810 1613 2046 1690; x_wconf 82' lang='lat' dir='ltr'><strong>Daniae,</strong></span> <span class='ocrx_word' id='word_1_100' title='bbox 2107 1620 2169 1673; x_wconf 89' lang='lat' dir='ltr'><strong>et</strong></span> <span class='ocrx_word' id='word_1_101' title='bbox 2213 1612 2582 1692; x_wconf 74' lang='lat' dir='ltr'><strong>philippam,</strong></span> <span class='ocrx_word' id='word_1_102' title='bbox 2642 1613 2878 1672; x_wconf 89' lang='lat' dir='ltr'><strong>sororis</strong></span> <span class='ocrx_word' id='word_1_103' title='bbox 2939 1611 3102 1687; x_wconf 89' lang='lat' dir='ltr'><strong>regis</strong></span> <span class='ocrx_word' id='word_1_104' title='bbox 3151 1611 3405 1686; x_wconf 79' lang='lat' dir='ltr'><strong>Angliae.</strong></span> <span class='ocrx_word' id='word_1_105' title='bbox 3456 1645 3538 1656; x_wconf 89' lang='lat'><strong>—-</strong></span> 
     </span>
    </p>
   </div>
   <div class='ocr_carea' id='block_1_10' title="bbox 193 1714 3187 1883">
    <p class='ocr_par' dir='ltr' id='par_1_10' title="bbox 193 1714 3187 1883">
     <span class='ocr_line' id='line_1_14' title="bbox 193 1714 2387 1796; baseline 0.001 -24"><span class='ocrx_word' id='word_1_106' title='bbox 193 1714 279 1772; x_wconf 81' lang='lat' dir='ltr'><strong>In·</strong></span> <span class='ocrx_word' id='word_1_107' title='bbox 320 1717 515 1774; x_wconf 80' lang='lat' dir='ltr'><strong>Dacia</strong></span> <span class='ocrx_word' id='word_1_108' title='bbox 558 1718 727 1794; x_wconf 79' lang='lat' dir='ltr'><strong>apud</strong></span> <span class='ocrx_word' id='word_1_109' title='bbox 769 1717 1189 1796; x_wconf 76' lang='lat' dir='ltr'><strong>Elsinqburyh,</strong></span> <span class='ocrx_word' id='word_1_110' title='bbox 1238 1716 1519 1779; x_wconf 88' lang='lat' dir='ltr'><strong>secundo</strong></span> <span class='ocrx_word' id='word_1_111' title='bbox 1566 1717 1663 1777; x_wconf 91' lang='lat' dir='ltr'><strong>die</strong></span> <span class='ocrx_word' id='word_1_112' title='bbox 1712 1717 1949 1777; x_wconf 87' lang='lat' dir='ltr'><strong>mensis</strong></span> <span class='ocrx_word' id='word_1_113' title='bbox 1995 1715 2387 1777; x_wconf 79' lang='lat' dir='ltr'><strong>Novembris,</strong></span> 
     </span>
     <span class='ocr_line' id='line_1_15' title="bbox 819 1814 3187 1883; baseline -0.002 -12"><span class='ocrx_word' id='word_1_114' title='bbox 819 1819 977 1883; x_wconf 76' lang='lat' dir='ltr'><strong>Royal</strong></span> <span class='ocrx_word' id='word_1_115' title='bbox 1014 1820 1120 1871; x_wconf 87' lang='lat' dir='ltr'><strong>and</strong></span> <span class='ocrx_word' id='word_1_116' title='bbox 1152 1819 1425 1872; x_wconf 80' lang='lat' dir='ltr'><strong>historical</strong></span> <span class='ocrx_word' id='word_1_117' title='bbox 1462 1819 1639 1870; x_wconf 86' lang='lat' dir='ltr'><strong>letters</strong></span> <span class='ocrx_word' id='word_1_118' title='bbox 1678 1817 1868 1881; x_wconf 84' lang='lat' dir='ltr'><strong>during</strong></span> <span class='ocrx_word' id='word_1_119' title='bbox 1904 1817 1993 1868; x_wconf 85' lang='lat' dir='ltr'><strong>the</strong></span> <span class='ocrx_word' id='word_1_120' title='bbox 2030 1820 2177 1881; x_wconf 80' lang='lat' dir='ltr'><strong>reign</strong></span> <span class='ocrx_word' id='word_1_121' title='bbox 2215 1817 2272 1868; x_wconf 78' lang='lat' dir='ltr'><strong>oi</strong></span> <span class='ocrx_word' id='word_1_122' title='bbox 2304 1817 2474 1880; x_wconf 81' lang='lat' dir='ltr'><strong>fleury</strong></span> <span class='ocrx_word' id='word_1_123' title='bbox 2508 1816 2599 1867; x_wconf 88' lang='lat' dir='ltr'><strong>the</strong></span> <span class='ocrx_word' id='word_1_124' title='bbox 2635 1815 2812 1867; x_wconf 71' lang='lat' dir='ltr'><strong>fourth</strong></span> <span class='ocrx_word' id='word_1_125' title='bbox 2851 1817 2901 1866; x_wconf 94' lang='lat' dir='ltr'><strong>S.</strong></span> <span class='ocrx_word' id='word_1_126' title='bbox 2933 1814 3187 1869; x_wconf 81' lang='lat'><strong>117-21.</strong></span> 
     </span>
    </p>
   </div>
   <div class='ocr_carea' id='block_1_11' title="bbox 192 1953 3982 2242">
    <p class='ocr_par' dir='ltr' id='par_1_11' title="bbox 192 1953 3982 2242">
     <span class='ocr_line' id='line_1_16' title="bbox 510 1953 3982 2037; baseline -0.003 -17"><span class='ocrx_word' id='word_1_127' title='bbox 510 1953 725 2021; x_wconf 59' lang='lat'><strong>*3795</strong></span> <span class='ocrx_word' id='word_1_128' title='bbox 820 1958 1075 2020; x_wconf 77' lang='lat' dir='ltr'><strong>Articuli</strong></span> <span class='ocrx_word' id='word_1_129' title='bbox 1123 1975 1313 2037; x_wconf 88' lang='lat' dir='ltr'><strong>super</strong></span> <span class='ocrx_word' id='word_1_130' title='bbox 1357 1963 1619 2018; x_wconf 90' lang='lat' dir='ltr'><strong>tractatu</strong></span> <span class='ocrx_word' id='word_1_131' title='bbox 1666 1957 1741 2017; x_wconf 91' lang='lat' dir='ltr'><strong>de</strong></span> <span class='ocrx_word' id='word_1_132' title='bbox 1787 1958 2184 2017; x_wconf 90' lang='lat' dir='ltr'><strong>matrimonio</strong></span> <span class='ocrx_word' id='word_1_133' title='bbox 2232 1953 2660 2017; x_wconf 87' lang='lat' dir='ltr'><strong>contrahendo</strong></span> <span class='ocrx_word' id='word_1_134' title='bbox 2719 1955 2882 2014; x_wconf 88' lang='lat' dir='ltr'><strong>inter</strong></span> <span class='ocrx_word' id='word_1_135' title='bbox 2925 1953 3149 2016; x_wconf 63' lang='lat' dir='ltr'><strong>Emeum</strong></span> <span class='ocrx_word' id='word_1_136' title='bbox 3207 1969 3418 2031; x_wconf 87' lang='lat' dir='ltr'><strong>regem</strong></span> <span class='ocrx_word' id='word_1_137' title='bbox 3479 1960 3540 2014; x_wconf 91' lang='lat' dir='ltr'><strong>et</strong></span> <span class='ocrx_word' id='word_1_138' title='bbox 3609 1955 3667 2007; x_wconf 86' lang='lat' dir='ltr'><strong>c.</strong></span> <span class='ocrx_word' id='word_1_139' title='bbox 3703 1956 3761 2009; x_wconf 83' lang='lat'><strong>2-</strong></span> <span class='ocrx_word' id='word_1_140' title='bbox 3790 1957 3982 2008; x_wconf 71' lang='lat' dir='ltr'><strong>novbr.</strong></span> 
     </span>
     <span class='ocr_line' id='line_1_17' title="bbox 192 2057 3534 2140; baseline -0.001 -22"><span class='ocrx_word' id='word_1_141' title='bbox 192 2057 567 2138; x_wconf 72' lang='lat' dir='ltr'><strong>Pmurrtm,</strong></span> <span class='ocrx_word' id='word_1_142' title='bbox 637 2058 823 2120; x_wconf 84' lang='lat' dir='ltr'><strong>filiam</strong></span> <span class='ocrx_word' id='word_1_143' title='bbox 880 2059 1131 2122; x_wconf 89' lang='lat' dir='ltr'><strong>Henrici</strong></span> <span class='ocrx_word' id='word_1_144' title='bbox 1194 2063 1359 2138; x_wconf 88' lang='lat' dir='ltr'><strong>regis</strong></span> <span class='ocrx_word' id='word_1_145' title='bbox 1416 2061 1686 2138; x_wconf 80' lang='lat' dir='ltr'><strong>Angliae,</strong></span> <span class='ocrx_word' id='word_1_146' title='bbox 1756 2076 2003 2121; x_wconf 90' lang='lat' dir='ltr'><strong>necnon</strong></span> <span class='ocrx_word' id='word_1_147' title='bbox 2074 2060 2454 2140; x_wconf 86' lang='lat' dir='ltr'><strong>principem,</strong></span> <span class='ocrx_word' id='word_1_148' title='bbox 2525 2057 2844 2117; x_wconf 90' lang='lat' dir='ltr'><strong>dominum</strong></span> <span class='ocrx_word' id='word_1_149' title='bbox 2904 2057 3274 2134; x_wconf 83' lang='lat' dir='ltr'><strong>lienricum‚</strong></span> <span class='ocrx_word' id='word_1_150' title='bbox 3345 2057 3534 2118; x_wconf 81' lang='lat' dir='ltr'><strong>lilium</strong></span> 
     </span>
     <span class='ocr_line' id='line_1_18' title="bbox 194 2159 3534 2242; baseline 0 -21"><span class='ocrx_word' id='word_1_151' title='bbox 194 2163 685 2239; x_wconf 86' lang='lat' dir='ltr'><strong>primogenitum</strong></span> <span class='ocrx_word' id='word_1_152' title='bbox 740 2162 994 2225; x_wconf 85' lang='lat' dir='ltr'><strong>Henrici</strong></span> <span class='ocrx_word' id='word_1_153' title='bbox 1052 2165 1217 2242; x_wconf 86' lang='lat' dir='ltr'><strong>regis</strong></span> <span class='ocrx_word' id='word_1_154' title='bbox 1278 2163 1547 2242; x_wconf 79' lang='lat' dir='ltr'><strong>Angliae,</strong></span> <span class='ocrx_word' id='word_1_155' title='bbox 1604 2171 1667 2223; x_wconf 88' lang='lat' dir='ltr'><strong>et</strong></span> <span class='ocrx_word' id='word_1_156' title='bbox 1719 2162 2107 2240; x_wconf 85' lang='lat' dir='ltr'><strong>Katerinam,</strong></span> <span class='ocrx_word' id='word_1_157' title='bbox 2169 2178 2452 2224; x_wconf 88' lang='lat' dir='ltr'><strong>sororem</strong></span> <span class='ocrx_word' id='word_1_158' title='bbox 2509 2159 2677 2222; x_wconf 87' lang='lat' dir='ltr'><strong>Erici</strong></span> <span class='ocrx_word' id='word_1_159' title='bbox 2730 2160 2896 2237; x_wconf 87' lang='lat' dir='ltr'><strong>regis</strong></span> <span class='ocrx_word' id='word_1_160' title='bbox 2955 2159 3189 2220; x_wconf 81' lang='lat' dir='ltr'><strong>Daniae.</strong></span> <span class='ocrx_word' id='word_1_161' title='bbox 3249 2193 3331 2206; x_wconf 89' lang='lat'><strong>-—</strong></span> <span class='ocrx_word' id='word_1_162' title='bbox 3389 2160 3534 2221; x_wconf 91' lang='lat' dir='ltr'><strong>Sine</strong></span> 
     </span>
    </p>
   </div>
   <div class='ocr_carea' id='block_1_12' title="bbox 194 2263 3188 2414">
    <p class='ocr_par' dir='ltr' id='par_1_12' title="bbox 194 2263 3188 2414">
     <span class='ocr_line' id='line_1_19' title="bbox 194 2263 3188 2414; baseline 0.022 -32"><span class='ocrx_word' id='word_1_163' title='bbox 194 2281 363 2326; x_wconf 67' lang='lat' dir='ltr'><strong>anno</strong></span> <span class='ocrx_word' id='word_1_164' title='bbox 414 2271 479 2326; x_wconf 59' lang='lat' dir='ltr'><strong>et</strong></span> <span class='ocrx_word' id='word_1_165' title='bbox 523 2263 643 2326; x_wconf 52' lang='lat' dir='ltr'><strong>dle·</strong></span> <span class='ocrx_word' id='word_1_166' title='bbox 816 2350 975 2414; x_wconf 79' lang='lat' dir='ltr'><strong>Royal</strong></span> <span class='ocrx_word' id='word_1_167' title='bbox 1009 2350 1115 2402; x_wconf 86' lang='lat' dir='ltr'><strong>and</strong></span> <span class='ocrx_word' id='word_1_168' title='bbox 1148 2350 1421 2402; x_wconf 84' lang='lat' dir='ltr'><strong>historical</strong></span> <span class='ocrx_word' id='word_1_169' title='bbox 1455 2351 1637 2403; x_wconf 82' lang='lat' dir='ltr'><strong>letters</strong></span> <span class='ocrx_word' id='word_1_170' title='bbox 1675 2351 1866 2414; x_wconf 75' lang='lat' dir='ltr'><strong>during</strong></span> <span class='ocrx_word' id='word_1_171' title='bbox 1903 2351 1993 2402; x_wconf 74' lang='lat' dir='ltr'><strong>the</strong></span> <span class='ocrx_word' id='word_1_172' title='bbox 2028 2353 2176 2414; x_wconf 56' lang='lat'><strong>‘0¹81&#39;</strong></span> <span class='ocrx_word' id='word_1_173' title='bbox 2214 2350 2272 2401; x_wconf 63' lang='lat'><strong>⁰¹</strong></span> <span class='ocrx_word' id='word_1_174' title='bbox 2302 2350 2474 2413; x_wconf 62' lang='lat' dir='ltr'>fleury</span> <span class='ocrx_word' id='word_1_175' title='bbox 2507 2347 2598 2400; x_wconf 53' lang='grc' dir='ltr'><strong>ὼε</strong></span> <span class='ocrx_word' id='word_1_176' title='bbox 2635 2347 2813 2398; x_wconf 63' lang='lat' dir='ltr'><strong>munh</strong></span> <span class='ocrx_word' id='word_1_177' title='bbox 2850 2348 2903 2399; x_wconf 75' lang='lat' dir='ltr'><strong>S·</strong></span> <span class='ocrx_word' id='word_1_178' title='bbox 2934 2347 3188 2401; x_wconf 67' lang='lat'>125—28&#39;</span> 
     </span>
    </p>
   </div>
   <div class='ocr_carea' id='block_1_13' title="bbox 194 2486 3880 2878">
    <p class='ocr_par' dir='ltr' id='par_1_13' title="bbox 194 2486 3880 2878">
     <span class='ocr_line' id='line_1_20' title="bbox 507 2486 3880 2568; baseline -0.003 -17"><span class='ocrx_word' id='word_1_179' title='bbox 507 2486 725 2552; x_wconf 80' lang='lat'><strong>*3796.</strong></span> <span class='ocrx_word' id='word_1_180' title='bbox 820 2489 985 2551; x_wconf 77' lang='lat' dir='ltr'><strong>Eruci</strong></span> <span class='ocrx_word' id='word_1_181' title='bbox 1031 2491 1197 2566; x_wconf 88' lang='lat' dir='ltr'><strong>regis</strong></span> <span class='ocrx_word' id='word_1_182' title='bbox 1243 2490 1320 2552; x_wconf 90' lang='lat' dir='ltr'><strong>ad</strong></span> <span class='ocrx_word' id='word_1_183' title='bbox 1358 2491 1693 2552; x_wconf 88' lang='lat' dir='ltr'><strong>Henricum</strong></span> <span class='ocrx_word' id='word_1_184' title='bbox 1733 2490 1858 2568; x_wconf 89' lang='lat' dir='ltr'><strong>1V.,</strong></span> <span class='ocrx_word' id='word_1_185' title='bbox 1908 2507 2119 2566; x_wconf 87' lang='lat' dir='ltr'><strong>regem</strong></span> <span class='ocrx_word' id='word_1_186' title='bbox 2155 2489 2413 2567; x_wconf 81' lang='lat' dir='ltr'><strong>Angliae,</strong></span> <span class='ocrx_word' id='word_1_187' title='bbox 2461 2488 2700 2564; x_wconf 81' lang='lat' dir='ltr'><strong>litterae,</strong></span> <span class='ocrx_word' id='word_1_188' title='bbox 2748 2487 2812 2547; x_wconf 91' lang='lat' dir='ltr'><strong>in</strong></span> <span class='ocrx_word' id='word_1_189' title='bbox 2860 2487 3088 2564; x_wconf 87' lang='lat' dir='ltr'><strong>quibus</strong></span> <span class='ocrx_word' id='word_1_190' title='bbox 3136 2487 3364 2563; x_wconf 82' lang='lat' dir='ltr'><strong>gratias</strong></span> <span class='ocrx_word' id='word_1_191' title='bbox 3411 2488 3538 2564; x_wconf 86' lang='lat' dir='ltr'><strong>agit</strong></span> <span class='ocrx_word' id='word_1_192' title='bbox 3606 2487 3656 2541; x_wconf 87' lang='lat'><strong>3.</strong></span> <span class='ocrx_word' id='word_1_193' title='bbox 3693 2489 3880 2540; x_wconf 80' lang='lat' dir='ltr'><strong>Novhr.</strong></span> 
     </span>
     <span class='ocr_line' id='line_1_21' title="bbox 194 2589 3538 2670; baseline 0 -20"><span class='ocrx_word' id='word_1_194' title='bbox 194 2607 309 2668; x_wconf 90' lang='lat' dir='ltr'><strong>pro</strong></span> <span class='ocrx_word' id='word_1_195' title='bbox 366 2589 819 2670; x_wconf 83' lang='lat' dir='ltr'><strong>multiplicibus</strong></span> <span class='ocrx_word' id='word_1_196' title='bbox 875 2591 1187 2654; x_wconf 77' lang='lat' dir='ltr'><strong>favoribus</strong></span> <span class='ocrx_word' id='word_1_197' title='bbox 1244 2593 1464 2669; x_wconf 86' lang='lat' dir='ltr'><strong>legatis</strong></span> <span class='ocrx_word' id='word_1_198' title='bbox 1523 2594 1655 2655; x_wconf 88' lang='lat' dir='ltr'><strong>suis</strong></span> <span class='ocrx_word' id='word_1_199' title='bbox 1714 2593 1775 2653; x_wconf 90' lang='lat' dir='ltr'><strong>in</strong></span> <span class='ocrx_word' id='word_1_200' title='bbox 1836 2591 2115 2668; x_wconf 78' lang='lat' dir='ltr'><strong>Angliam</strong></span> <span class='ocrx_word' id='word_1_201' title='bbox 2175 2591 2464 2653; x_wconf 82' lang='lat' dir='ltr'><strong>exhibitis</strong></span> <span class='ocrx_word' id='word_1_202' title='bbox 2524 2597 2584 2652; x_wconf 93' lang='lat' dir='ltr'><strong>et</strong></span> <span class='ocrx_word' id='word_1_203' title='bbox 2641 2597 2881 2670; x_wconf 86' lang='lat' dir='ltr'><strong>sperat,</strong></span> <span class='ocrx_word' id='word_1_204' title='bbox 2945 2590 3195 2665; x_wconf 87' lang='lat' dir='ltr'><strong>negotia</strong></span> <span class='ocrx_word' id='word_1_205' title='bbox 3251 2591 3416 2666; x_wconf 86' lang='lat' dir='ltr'><strong>regis</strong></span> <span class='ocrx_word' id='word_1_206' title='bbox 3477 2597 3538 2650; x_wconf 92' lang='lat' dir='ltr'><strong>et</strong></span> 
     </span>
     <span class='ocr_line' id='line_1_22' title="bbox 194 2693 3535 2774; baseline -0 -21"><span class='ocrx_word' id='word_1_207' title='bbox 194 2693 723 2756; x_wconf 88' lang='lat' dir='ltr'><strong>ambassiatorum</strong></span> <span class='ocrx_word' id='word_1_208' title='bbox 780 2697 914 2774; x_wconf 91' lang='lat' dir='ltr'><strong>ejus</strong></span> <span class='ocrx_word' id='word_1_209' title='bbox 972 2695 1139 2756; x_wconf 90' lang='lat' dir='ltr'><strong>bona</strong></span> <span class='ocrx_word' id='word_1_210' title='bbox 1183 2701 1244 2757; x_wconf 89' lang='lat' dir='ltr'><strong>et</strong></span> <span class='ocrx_word' id='word_1_211' title='bbox 1301 2697 1547 2756; x_wconf 90' lang='lat' dir='ltr'><strong>sincera</strong></span> <span class='ocrx_word' id='word_1_212' title='bbox 1590 2698 1757 2774; x_wconf 76' lang='lat' dir='ltr'><strong>fore3</strong></span> <span class='ocrx_word' id='word_1_213' title='bbox 1817 2700 2024 2756; x_wconf 85' lang='lat' dir='ltr'><strong>certos</strong></span> <span class='ocrx_word' id='word_1_214' title='bbox 2080 2695 2378 2756; x_wconf 88' lang='lat' dir='ltr'><strong>articulos</strong></span> <span class='ocrx_word' id='word_1_215' title='bbox 2435 2695 2730 2773; x_wconf 89' lang='lat' dir='ltr'><strong>proponit</strong></span> <span class='ocrx_word' id='word_1_216' title='bbox 2787 2699 2846 2754; x_wconf 88' lang='lat' dir='ltr'><strong>et</strong></span> <span class='ocrx_word' id='word_1_217' title='bbox 2902 2694 3248 2770; x_wconf 85' lang='lat' dir='ltr'><strong>proximum</strong></span> <span class='ocrx_word' id='word_1_218' title='bbox 3305 2693 3535 2754; x_wconf 80' lang='lat' dir='ltr'><strong>festum</strong></span> 
     </span>
     <span class='ocr_line' id='line_1_23' title="bbox 194 2795 3536 2878; baseline -0.001 -20"><span class='ocrx_word' id='word_1_219' title='bbox 194 2798 570 2858; x_wconf 82' lang='lat' dir='ltr'><strong>visitationis</strong></span> <span class='ocrx_word' id='word_1_220' title='bbox 636 2797 699 2858; x_wconf 88' lang='lat' dir='ltr'><strong>b.</strong></span> <span class='ocrx_word' id='word_1_221' title='bbox 758 2797 963 2858; x_wconf 81' lang='lat' dir='ltr'><strong>Mariae</strong></span> <span class='ocrx_word' id='word_1_222' title='bbox 1031 2799 1285 2875; x_wconf 88' lang='lat' dir='ltr'><strong>virginis</strong></span> <span class='ocrx_word' id='word_1_223' title='bbox 1344 2797 1424 2873; x_wconf 83' lang='lat'><strong>(2.</strong></span> <span class='ocrx_word' id='word_1_224' title='bbox 1484 2799 1647 2872; x_wconf 80' lang='lat' dir='ltr'><strong>iulii)</strong></span> <span class='ocrx_word' id='word_1_225' title='bbox 1717 2815 1831 2878; x_wconf 92' lang='lat' dir='ltr'><strong>pro</strong></span> <span class='ocrx_word' id='word_1_226' title='bbox 1892 2798 2159 2859; x_wconf 88' lang='lat' dir='ltr'><strong>termino</strong></span> <span class='ocrx_word' id='word_1_227' title='bbox 2217 2797 2646 2859; x_wconf 89' lang='lat' dir='ltr'><strong>conclusionis</strong></span> <span class='ocrx_word' id='word_1_228' title='bbox 2714 2796 3090 2857; x_wconf 88' lang='lat' dir='ltr'><strong>matrimonii</strong></span> <span class='ocrx_word' id='word_1_229' title='bbox 3156 2795 3393 2856; x_wconf 88' lang='lat' dir='ltr'><strong>limitat.</strong></span> <span class='ocrx_word' id='word_1_230' title='bbox 3454 2829 3536 2840; x_wconf 89' lang='lat'><strong>—</strong></span> 
     </span>
    </p>
   </div>
   <div class='ocr_carea' id='block_1_14' title="bbox 194 2899 2613 2984">
    <p class='ocr_par' dir='ltr' id='par_1_14' title="bbox 194 2899 2613 2984">
     <span class='ocr_line' id='line_1_24' title="bbox 194 2899 2613 2984; baseline 0.001 -27"><span class='ocrx_word' id='word_1_231' title='bbox 194 2899 268 2958; x_wconf 72' lang='lat' dir='ltr'><strong>In</strong></span> <span class='ocrx_word' id='word_1_232' title='bbox 309 2907 507 2960; x_wconf 78' lang='lat' dir='ltr'><strong>castro</strong></span> <span class='ocrx_word' id='word_1_233' title='bbox 550 2906 745 2960; x_wconf 76' lang='lat' dir='ltr'><strong>nostro</strong></span> <span class='ocrx_word' id='word_1_234' title='bbox 792 2900 1201 2979; x_wconf 72' lang='lat' dir='ltr'><strong>Hecsinqborq,</strong></span> <span class='ocrx_word' id='word_1_235' title='bbox 1250 2904 1525 2963; x_wconf 89' lang='lat' dir='ltr'><strong>crastino</strong></span> <span class='ocrx_word' id='word_1_236' title='bbox 1572 2900 2186 2984; x_wconf 77' lang='lat' dir='ltr'><strong>commemorationis</strong></span> <span class='ocrx_word' id='word_1_237' title='bbox 2233 2901 2613 2962; x_wconf 84' lang='lat' dir='ltr'><strong>Animarum.</strong></span> 
     </span>
    </p>
   </div>
   <div class='ocr_carea' id='block_1_15' title="bbox 814 2999 3532 3154">
    <p class='ocr_par' dir='ltr' id='par_1_15' title="bbox 814 2999 3532 3154">
     <span class='ocr_line' id='line_1_25' title="bbox 814 2999 3532 3068; baseline -0 -15"><span class='ocrx_word' id='word_1_238' title='bbox 814 3002 973 3066; x_wconf 77' lang='lat' dir='ltr'><strong>Royal</strong></span> <span class='ocrx_word' id='word_1_239' title='bbox 1000 3002 1107 3053; x_wconf 83' lang='lat' dir='ltr'><strong>and</strong></span> <span class='ocrx_word' id='word_1_240' title='bbox 1130 3003 1404 3056; x_wconf 84' lang='lat' dir='ltr'><strong>historical</strong></span> <span class='ocrx_word' id='word_1_241' title='bbox 1430 3003 1611 3055; x_wconf 77' lang='lat' dir='ltr'><strong>letters</strong></span> <span class='ocrx_word' id='word_1_242' title='bbox 1639 3003 1829 3066; x_wconf 82' lang='lat' dir='ltr'><strong>during</strong></span> <span class='ocrx_word' id='word_1_243' title='bbox 1858 3002 1949 3053; x_wconf 84' lang='lat' dir='ltr'><strong>the</strong></span> <span class='ocrx_word' id='word_1_244' title='bbox 1979 3003 2125 3068; x_wconf 74' lang='lat' dir='ltr'><strong>reign</strong></span> <span class='ocrx_word' id='word_1_245' title='bbox 2155 3003 2212 3054; x_wconf 80' lang='lat' dir='ltr'><strong>of</strong></span> <span class='ocrx_word' id='word_1_246' title='bbox 2234 3001 2406 3066; x_wconf 76' lang='lat' dir='ltr'><strong>fleury</strong></span> <span class='ocrx_word' id='word_1_247' title='bbox 2435 3002 2526 3053; x_wconf 85' lang='lat' dir='ltr'><strong>the</strong></span> <span class='ocrx_word' id='word_1_248' title='bbox 2553 3001 2734 3053; x_wconf 82' lang='lat' dir='ltr'><strong>fourth</strong></span> <span class='ocrx_word' id='word_1_249' title='bbox 2763 3001 2815 3052; x_wconf 90' lang='lat' dir='ltr'><strong>S.</strong></span> <span class='ocrx_word' id='word_1_250' title='bbox 2836 2999 3090 3055; x_wconf 77' lang='lat'><strong>121—25.</strong></span> <span class='ocrx_word' id='word_1_251' title='bbox 3156 3000 3532 3068; x_wconf 79' lang='lat' dir='ltr'><strong>Sill&#39;vcrstolpe,</strong></span> 
     </span>
     <span class='ocr_line' id='line_1_26' title="bbox 816 3088 1781 3154; baseline 0.001 -15"><span class='ocrx_word' id='word_1_252' title='bbox 816 3089 1043 3140; x_wconf 81' lang='lat' dir='ltr'><strong>Svenskt</strong></span> <span class='ocrx_word' id='word_1_253' title='bbox 1078 3089 1414 3154; x_wconf 75' lang='lat' dir='ltr'><strong>Diplomatar.</strong></span> <span class='ocrx_word' id='word_1_254' title='bbox 1452 3088 1489 3140; x_wconf 90' lang='lat'><strong>1.</strong></span> <span class='ocrx_word' id='word_1_255' title='bbox 1528 3088 1781 3144; x_wconf 81' lang='lat'><strong>176—77.</strong></span> 
     </span>
    </p>
   </div>
   <div class='ocr_carea' id='block_1_16' title="bbox 196 3224 3915 3409">
    <p class='ocr_par' dir='ltr' id='par_1_16' title="bbox 196 3224 3915 3409">
     <span class='ocr_line' id='line_1_27' title="bbox 504 3224 3915 3306; baseline 0.001 -17"><span class='ocrx_word' id='word_1_256' title='bbox 504 3224 723 3290; x_wconf 82' lang='lat'><strong>*3797.</strong></span> <span class='ocrx_word' id='word_1_257' title='bbox 814 3226 1224 3306; x_wconf 57' lang='lat' dir='ltr'><strong>Mancinum,</strong></span> <span class='ocrx_word' id='word_1_258' title='bbox 1299 3227 1672 3290; x_wconf 82' lang='lat' dir='ltr'><strong>waldemari</strong></span> <span class='ocrx_word' id='word_1_259' title='bbox 1746 3226 2062 3288; x_wconf 88' lang='lat' dir='ltr'><strong>Danorum</strong></span> <span class='ocrx_word' id='word_1_260' title='bbox 2130 3227 2300 3304; x_wconf 86' lang='lat' dir='ltr'><strong>regis</strong></span> <span class='ocrx_word' id='word_1_261' title='bbox 2367 3225 2539 3303; x_wconf 73' lang='lat' dir='ltr'><strong>filiae,</strong></span> <span class='ocrx_word' id='word_1_262' title='bbox 2609 3224 2686 3286; x_wconf 90' lang='lat' dir='ltr'><strong>ad</strong></span> <span class='ocrx_word' id='word_1_263' title='bbox 2751 3225 3086 3286; x_wconf 85' lang='lat' dir='ltr'><strong>Henricum</strong></span> <span class='ocrx_word' id='word_1_264' title='bbox 3151 3224 3250 3286; x_wconf 82' lang='lat' dir='ltr'><strong>lv.</strong></span> <span class='ocrx_word' id='word_1_265' title='bbox 3321 3241 3532 3302; x_wconf 87' lang='lat' dir='ltr'><strong>regem</strong></span> <span class='ocrx_word' id='word_1_266' title='bbox 3606 3226 3690 3291; x_wconf 82' lang='lat'><strong>(3.)</strong></span> <span class='ocrx_word' id='word_1_267' title='bbox 3725 3228 3915 3280; x_wconf 70' lang='lat' dir='ltr'><strong>novbr.</strong></span> 
     </span>
     <span class='ocr_line' id='line_1_28' title="bbox 196 3327 3532 3409; baseline 0.001 -21"><span class='ocrx_word' id='word_1_268' title='bbox 196 3329 431 3404; x_wconf 82' lang='lat' dir='ltr'><strong>Angliae</strong></span> <span class='ocrx_word' id='word_1_269' title='bbox 490 3329 739 3409; x_wconf 85' lang='lat' dir='ltr'><strong>litterae,</strong></span> <span class='ocrx_word' id='word_1_270' title='bbox 799 3330 861 3390; x_wconf 90' lang='lat' dir='ltr'><strong>in</strong></span> <span class='ocrx_word' id='word_1_271' title='bbox 922 3330 1149 3408; x_wconf 90' lang='lat' dir='ltr'><strong>quibus</strong></span> <span class='ocrx_word' id='word_1_272' title='bbox 1206 3331 1262 3391; x_wconf 91' lang='lat' dir='ltr'><strong>ei</strong></span> <span class='ocrx_word' id='word_1_273' title='bbox 1319 3333 1549 3408; x_wconf 84' lang='lat' dir='ltr'><strong>gratias</strong></span> <span class='ocrx_word' id='word_1_274' title='bbox 1606 3331 1733 3407; x_wconf 88' lang='lat' dir='ltr'><strong>agit</strong></span> <span class='ocrx_word' id='word_1_275' title='bbox 1786 3346 1901 3409; x_wconf 90' lang='lat' dir='ltr'><strong>pro</strong></span> <span class='ocrx_word' id='word_1_276' title='bbox 1956 3329 2301 3391; x_wconf 79' lang='lat' dir='ltr'><strong>benefactis</strong></span> <span class='ocrx_word' id='word_1_277' title='bbox 2349 3328 2530 3390; x_wconf 89' lang='lat' dir='ltr'><strong>Petro</strong></span> <span class='ocrx_word' id='word_1_278' title='bbox 2579 3327 2818 3408; x_wconf 83' lang='lat' dir='ltr'><strong>Lucke,</strong></span> <span class='ocrx_word' id='word_1_279' title='bbox 2876 3327 3330 3404; x_wconf 47' lang='lat' dir='ltr'><strong>archidiacono,</strong></span> <span class='ocrx_word' id='word_1_280' title='bbox 3366 3327 3532 3390; x_wconf 83' lang='lat' dir='ltr'><strong>Ros-</strong></span> 
     </span>
    </p>
   </div>
   <div class='ocr_carea' id='block_1_17' title="bbox 196 3431 2849 3511">
    <p class='ocr_par' dir='ltr' id='par_1_17' title="bbox 196 3431 2849 3511">
     <span class='ocr_line' id='line_1_29' title="bbox 196 3431 2849 3511; baseline 0.001 -22"><span class='ocrx_word' id='word_1_281' title='bbox 196 3431 484 3510; x_wconf 86' lang='lat' dir='ltr'><strong>kildensi,</strong></span> <span class='ocrx_word' id='word_1_282' title='bbox 535 3431 842 3494; x_wconf 87' lang='lat' dir='ltr'><strong>exhibitis.</strong></span> <span class='ocrx_word' id='word_1_283' title='bbox 890 3465 974 3478; x_wconf 91' lang='lat'><strong>-—</strong></span> <span class='ocrx_word' id='word_1_284' title='bbox 1019 3433 1093 3491; x_wconf 83' lang='lat' dir='ltr'><strong>In</strong></span> <span class='ocrx_word' id='word_1_285' title='bbox 1136 3439 1326 3494; x_wconf 81' lang='lat' dir='ltr'><strong>castro</strong></span> <span class='ocrx_word' id='word_1_286' title='bbox 1374 3431 1821 3511; x_wconf 71' lang='lat' dir='ltr'><strong>Helsinyborqh,</strong></span> <span class='ocrx_word' id='word_1_287' title='bbox 2030 3433 2127 3494; x_wconf 90' lang='lat' dir='ltr'><strong>die</strong></span> <span class='ocrx_word' id='word_1_288' title='bbox 2175 3433 2412 3493; x_wconf 91' lang='lat' dir='ltr'><strong>mensis</strong></span> <span class='ocrx_word' id='word_1_289' title='bbox 2459 3431 2849 3494; x_wconf 83' lang='lat' dir='ltr'><strong>Novembris.</strong></span> 
     </span>
    </p>
   </div>
   <div class='ocr_carea' id='block_1_18' title="bbox 812 3533 3532 3685">
    <p class='ocr_par' dir='ltr' id='par_1_18' title="bbox 812 3533 3532 3685">
     <span class='ocr_line' id='line_1_30' title="bbox 812 3533 3532 3599; baseline 0 -14"><span class='ocrx_word' id='word_1_290' title='bbox 812 3533 971 3598; x_wconf 80' lang='lat' dir='ltr'><strong>Royal</strong></span> <span class='ocrx_word' id='word_1_291' title='bbox 998 3533 1105 3585; x_wconf 81' lang='lat' dir='ltr'><strong>and</strong></span> <span class='ocrx_word' id='word_1_292' title='bbox 1128 3535 1401 3586; x_wconf 81' lang='lat' dir='ltr'><strong>historical</strong></span> <span class='ocrx_word' id='word_1_293' title='bbox 1427 3535 1609 3586; x_wconf 82' lang='lat' dir='ltr'><strong>letters</strong></span> <span class='ocrx_word' id='word_1_294' title='bbox 1637 3535 1828 3599; x_wconf 84' lang='lat' dir='ltr'><strong>during</strong></span> <span class='ocrx_word' id='word_1_295' title='bbox 1854 3533 1946 3586; x_wconf 85' lang='lat' dir='ltr'><strong>the</strong></span> <span class='ocrx_word' id='word_1_296' title='bbox 1973 3537 2120 3598; x_wconf 86' lang='lat' dir='ltr'><strong>reign</strong></span> <span class='ocrx_word' id='word_1_297' title='bbox 2153 3535 2210 3585; x_wconf 79' lang='lat' dir='ltr'><strong>of</strong></span> <span class='ocrx_word' id='word_1_298' title='bbox 2239 3537 2406 3599; x_wconf 73' lang='lat' dir='ltr'><strong>lienry</strong></span> <span class='ocrx_word' id='word_1_299' title='bbox 2432 3534 2524 3586; x_wconf 84' lang='lat' dir='ltr'><strong>the</strong></span> <span class='ocrx_word' id='word_1_300' title='bbox 2551 3533 2729 3585; x_wconf 72' lang='lat' dir='ltr'><strong>fourth</strong></span> <span class='ocrx_word' id='word_1_301' title='bbox 2758 3534 2808 3586; x_wconf 91' lang='lat' dir='ltr'><strong>S.</strong></span> <span class='ocrx_word' id='word_1_302' title='bbox 2832 3533 3088 3588; x_wconf 83' lang='lat'><strong>128—30.</strong></span> <span class='ocrx_word' id='word_1_303' title='bbox 3156 3533 3532 3599; x_wconf 80' lang='lat' dir='ltr'><strong>Silfverstolpe,</strong></span> 
     </span>
     <span class='ocr_line' id='line_1_31' title="bbox 814 3619 1777 3685; baseline 0 -14"><span class='ocrx_word' id='word_1_304' title='bbox 814 3620 1039 3672; x_wconf 78' lang='lat' dir='ltr'><strong>Svenskt</strong></span> <span class='ocrx_word' id='word_1_305' title='bbox 1073 3619 1409 3685; x_wconf 82' lang='lat' dir='ltr'><strong>Diplomatar.</strong></span> <span class='ocrx_word' id='word_1_306' title='bbox 1447 3620 1483 3672; x_wconf 90' lang='lat'><strong>1.</strong></span> <span class='ocrx_word' id='word_1_307' title='bbox 1522 3619 1777 3675; x_wconf 82' lang='lat'><strong>177—78.</strong></span> 
     </span>
    </p>
   </div>
   <div class='ocr_carea' id='block_1_19' title="bbox 198 3721 3877 3924">
    <p class='ocr_par' dir='ltr' id='par_1_19' title="bbox 198 3721 3877 3924">
     <span class='ocr_line' id='line_1_32' title="bbox 318 3721 3877 3836; baseline -0.002 -32"><span class='ocrx_word' id='word_1_308' title='bbox 318 3831 321 3836; x_wconf 21' lang='grc' dir='ltr'>Ι</span> <span class='ocrx_word' id='word_1_309' title='bbox 502 3738 721 3804; x_wconf 82' lang='lat'><strong>*3798.</strong></span> <span class='ocrx_word' id='word_1_310' title='bbox 812 3739 1059 3804; x_wconf 70' lang='lat' dir='ltr'><strong>RAAnE&#39;r</strong></span> <span class='ocrx_word' id='word_1_311' title='bbox 1103 3743 1126 3801; x_wconf 90' lang='lat' dir='ltr'><strong>i</strong></span> <span class='ocrx_word' id='word_1_312' title='bbox 1171 3741 1354 3804; x_wconf 61' lang='lat' dir='ltr'><strong>Visst</strong></span> <span class='ocrx_word' id='word_1_313' title='bbox 1407 3741 1599 3803; x_wconf 89' lang='lat' dir='ltr'><strong>beder</strong></span> <span class='ocrx_word' id='word_1_314' title='bbox 1643 3740 1880 3803; x_wconf 85' lang='lat' dir='ltr'><strong>Raadet</strong></span> <span class='ocrx_word' id='word_1_315' title='bbox 1928 3743 1948 3801; x_wconf 91' lang='lat' dir='ltr'><strong>i</strong></span> <span class='ocrx_word' id='word_1_316' title='bbox 1995 3741 2185 3802; x_wconf 86' lang='lat' dir='ltr'><strong>Reval</strong></span> <span class='ocrx_word' id='word_1_317' title='bbox 2243 3749 2304 3802; x_wconf 91' lang='lat' dir='ltr'><strong>at</strong></span> <span class='ocrx_word' id='word_1_318' title='bbox 2355 3721 2838 3821; x_wconf 58' lang='lat' dir='ltr'><strong>hjaelpesflinric</strong></span> <span class='ocrx_word' id='word_1_319' title='bbox 2885 3739 3116 3802; x_wconf 81' lang='lat' dir='ltr'><strong>Kainer</strong></span> <span class='ocrx_word' id='word_1_320' title='bbox 3172 3741 3237 3802; x_wconf 89' lang='lat' dir='ltr'><strong>til</strong></span> <span class='ocrx_word' id='word_1_321' title='bbox 3295 3747 3356 3802; x_wconf 87' lang='lat' dir='ltr'><strong>at</strong></span> <span class='ocrx_word' id='word_1_322' title='bbox 3412 3742 3528 3818; x_wconf 78' lang='lat' dir='ltr'><strong>saa,</strong></span> <span class='ocrx_word' id='word_1_323' title='bbox 3603 3743 3651 3797; x_wconf 81' lang='lat'><strong>4.</strong></span> <span class='ocrx_word' id='word_1_324' title='bbox 3689 3743 3877 3797; x_wconf 81' lang='lat' dir='ltr'><strong>Novbr.</strong></span> 
     </span>
     <span class='ocr_line' id='line_1_33' title="bbox 198 3842 3530 3924; baseline 0.001 -21"><span class='ocrx_word' id='word_1_325' title='bbox 198 3842 352 3905; x_wconf 89' lang='lat' dir='ltr'><strong>hvad</strong></span> <span class='ocrx_word' id='word_1_326' title='bbox 399 3843 523 3904; x_wconf 92' lang='lat' dir='ltr'><strong>den</strong></span> <span class='ocrx_word' id='word_1_327' title='bbox 570 3842 792 3904; x_wconf 80' lang='lat' dir='ltr'><strong>afdede</strong></span> <span class='ocrx_word' id='word_1_328' title='bbox 839 3845 1043 3905; x_wconf 84' lang='lat' dir='ltr'><strong>Arend</strong></span> <span class='ocrx_word' id='word_1_329' title='bbox 1094 3845 1329 3907; x_wconf 87' lang='lat' dir='ltr'><strong>Beuere</strong></span> <span class='ocrx_word' id='word_1_330' title='bbox 1377 3843 1623 3924; x_wconf 82' lang='lat' dir='ltr'><strong>skylder</strong></span> <span class='ocrx_word' id='word_1_331' title='bbox 1658 3845 1947 3922; x_wconf 81' lang='lat' dir='ltr'><strong>Gotswyn</strong></span> <span class='ocrx_word' id='word_1_332' title='bbox 1983 3845 2361 3907; x_wconf 88' lang='lat' dir='ltr'><strong>Hulczeman</strong></span> <span class='ocrx_word' id='word_1_333' title='bbox 2409 3845 2501 3906; x_wconf 87' lang='lat' dir='ltr'><strong>fra</strong></span> <span class='ocrx_word' id='word_1_334' title='bbox 2543 3845 2756 3922; x_wconf 81' lang='lat' dir='ltr'><strong>Visby.</strong></span> <span class='ocrx_word' id='word_1_335' title='bbox 2795 3879 2878 3888; x_wconf 97' lang='lat'><strong>—</strong></span> <span class='ocrx_word' id='word_1_336' title='bbox 2912 3843 3039 3905; x_wconf 91' lang='lat' dir='ltr'><strong>Des</strong></span> <span class='ocrx_word' id='word_1_337' title='bbox 3088 3843 3530 3906; x_wconf 81' lang='lat' dir='ltr'><strong>sannaucndes</strong></span> 
     </span>
    </p>
   </div>
   <div class='ocr_carea' id='block_1_20' title="bbox 196 3943 3530 4115">
    <p class='ocr_par' dir='ltr' id='par_1_20' title="bbox 196 3943 3530 4115">
     <span class='ocr_line' id='line_1_34' title="bbox 196 3943 3530 4025; baseline 0.001 -19"><span class='ocrx_word' id='word_1_338' title='bbox 196 3963 276 4006; x_wconf 89' lang='lat' dir='ltr'><strong>na</strong></span> <span class='ocrx_word' id='word_1_339' title='bbox 320 3945 439 4008; x_wconf 90' lang='lat' dir='ltr'><strong>alle</strong></span> <span class='ocrx_word' id='word_1_340' title='bbox 488 3943 741 4009; x_wconf 87' lang='lat' dir='ltr'><strong>Ghodes</strong></span> <span class='ocrx_word' id='word_1_341' title='bbox 787 3947 995 4023; x_wconf 89' lang='lat' dir='ltr'><strong>hilgen</strong></span> <span class='ocrx_word' id='word_1_342' title='bbox 1044 3948 1265 4024; x_wconf 88' lang='lat' dir='ltr'><strong>daghe.</strong></span> <span class='ocrx_word' id='word_1_343' title='bbox 3153 3946 3530 4025; x_wconf 86' lang='lat' dir='ltr'><strong>(Plattydsk.)</strong></span> 
     </span>
     <span class='ocr_line' id='line_1_35' title="bbox 815 4048 2197 4115; baseline 0.001 -15"><span class='ocrx_word' id='word_1_344' title='bbox 815 4048 1193 4114; x_wconf 79' lang='lat' dir='ltr'><strong>Sliiverstolpe,</strong></span> <span class='ocrx_word' id='word_1_345' title='bbox 1233 4051 1461 4101; x_wconf 79' lang='lat' dir='ltr'><strong>Svenskt</strong></span> <span class='ocrx_word' id='word_1_346' title='bbox 1496 4050 1829 4115; x_wconf 82' lang='lat' dir='ltr'><strong>Diplomatar.</strong></span> <span class='ocrx_word' id='word_1_347' title='bbox 1869 4051 1907 4101; x_wconf 88' lang='lat'><strong>1.</strong></span> <span class='ocrx_word' id='word_1_348' title='bbox 1943 4048 2197 4105; x_wconf 80' lang='lat'><strong>178—79.</strong></span> 
     </span>
    </p>
   </div>
   <div class='ocr_carea' id='block_1_21' title="bbox 200 4160 3913 4355">
    <p class='ocr_par' dir='ltr' id='par_1_21' title="bbox 200 4160 3913 4355">
     <span class='ocr_line' id='line_1_36' title="bbox 468 4160 3913 4252; baseline -0.001 -19"><span class='ocrx_word' id='word_1_349' title='bbox 468 4167 724 4233; x_wconf 78' lang='lat'><strong>·*3799.</strong></span> <span class='ocrx_word' id='word_1_350' title='bbox 812 4169 1095 4249; x_wconf 60' lang='lat' dir='ltr'><strong>Manat,</strong></span> <span class='ocrx_word' id='word_1_351' title='bbox 1169 4171 1503 4249; x_wconf 88' lang='lat' dir='ltr'><strong>imperator</strong></span> <span class='ocrx_word' id='word_1_352' title='bbox 1570 4160 1985 4251; x_wconf 84' lang='lat' dir='ltr'><strong>Romeorum,</strong></span> <span class='ocrx_word' id='word_1_353' title='bbox 2062 4167 2486 4252; x_wconf 71' lang='grc' dir='ltr'><strong>ΡΑιιιοιοευε,</strong></span> <span class='ocrx_word' id='word_1_354' title='bbox 2563 4171 2926 4247; x_wconf 78' lang='lat' dir='ltr'><strong>Margaretae</strong></span> <span class='ocrx_word' id='word_1_355' title='bbox 3003 4171 3232 4246; x_wconf 82' lang='lat' dir='ltr'><strong>reginae</strong></span> <span class='ocrx_word' id='word_1_356' title='bbox 3300 4170 3530 4249; x_wconf 80' lang='lat' dir='ltr'><strong>Daciae,</strong></span> <span class='ocrx_word' id='word_1_357' title='bbox 3599 4171 3684 4226; x_wconf 80' lang='lat'><strong>20.</strong></span> <span class='ocrx_word' id='word_1_358' title='bbox 3722 4171 3913 4228; x_wconf 83' lang='lat' dir='ltr'><strong>Novbr.</strong></span> 
     </span>
     <span class='ocr_line' id='line_1_37' title="bbox 200 4271 3532 4355; baseline 0 -22"><span class='ocrx_word' id='word_1_359' title='bbox 200 4271 433 4335; x_wconf 77' lang='lat' dir='ltr'><strong>Suecioe</strong></span> <span class='ocrx_word' id='word_1_360' title='bbox 482 4279 545 4333; x_wconf 91' lang='lat' dir='ltr'><strong>et</strong></span> <span class='ocrx_word' id='word_1_361' title='bbox 580 4272 901 4349; x_wconf 81' lang='lat' dir='ltr'><strong>Norvegiae</strong></span> <span class='ocrx_word' id='word_1_362' title='bbox 937 4290 1186 4352; x_wconf 86' lang='lat' dir='ltr'><strong>parvam</strong></span> <span class='ocrx_word' id='word_1_363' title='bbox 1230 4275 1593 4353; x_wconf 86' lang='lat' dir='ltr'><strong>particulam</strong></span> <span class='ocrx_word' id='word_1_364' title='bbox 1644 4280 1875 4336; x_wconf 80' lang='lat' dir='ltr'><strong>sanctae</strong></span> <span class='ocrx_word' id='word_1_365' title='bbox 1924 4276 2149 4336; x_wconf 80' lang='lat' dir='ltr'><strong>tunicae</strong></span> <span class='ocrx_word' id='word_1_366' title='bbox 2189 4276 2389 4355; x_wconf 89' lang='lat' dir='ltr'><strong>ipsius</strong></span> <span class='ocrx_word' id='word_1_367' title='bbox 2427 4275 2836 4354; x_wconf 89' lang='lat' dir='ltr'><strong>redemptoris</strong></span> <span class='ocrx_word' id='word_1_368' title='bbox 2875 4273 3074 4335; x_wconf 89' lang='lat' dir='ltr'><strong>nostri</strong></span> <span class='ocrx_word' id='word_1_369' title='bbox 3112 4273 3261 4334; x_wconf 75' lang='lat' dir='ltr'><strong>lesu</strong></span> <span class='ocrx_word' id='word_1_370' title='bbox 3299 4273 3532 4334; x_wconf 84' lang='lat' dir='ltr'><strong>Christi</strong></span> 
     </span>
    </p>
   </div>
   <div class='ocr_carea' id='block_1_22' title="bbox 198 4375 2433 4544">
    <p class='ocr_par' dir='ltr' id='par_1_22' title="bbox 198 4375 2433 4544">
     <span class='ocr_line' id='line_1_38' title="bbox 198 4375 2174 4457; baseline 0.002 -22"><span class='ocrx_word' id='word_1_371' title='bbox 198 4377 578 4437; x_wconf 89' lang='lat' dir='ltr'><strong>transmittit.</strong></span> <span class='ocrx_word' id='word_1_372' title='bbox 629 4409 706 4420; x_wconf 90' lang='lat'>—</span> <span class='ocrx_word' id='word_1_373' title='bbox 752 4375 1037 4455; x_wconf 79' lang='lat' dir='ltr'><strong>Parisiis,</strong></span> <span class='ocrx_word' id='word_1_374' title='bbox 1086 4377 1183 4439; x_wconf 91' lang='lat' dir='ltr'><strong>die</strong></span> <span class='ocrx_word' id='word_1_375' title='bbox 1229 4377 1352 4439; x_wconf 90' lang='lat' dir='ltr'><strong>XX.</strong></span> <span class='ocrx_word' id='word_1_376' title='bbox 1400 4376 2053 4457; x_wconf 88' lang='lat' dir='ltr'><strong>Novembris,.indict.</strong></span> <span class='ocrx_word' id='word_1_377' title='bbox 2101 4377 2174 4438; x_wconf 88' lang='lat' dir='ltr'><strong>X.</strong></span> 
     </span>
     <span class='ocr_line' id='line_1_39' title="bbox 812 4475 2433 4544; baseline 0.002 -16"><span class='ocrx_word' id='word_1_378' title='bbox 812 4479 871 4530; x_wconf 85' lang='lat' dir='ltr'><strong>N.</strong></span> <span class='ocrx_word' id='word_1_379' title='bbox 897 4475 949 4530; x_wconf 82' lang='lat' dir='ltr'><strong>F.</strong></span> <span class='ocrx_word' id='word_1_380' title='bbox 980 4478 1045 4530; x_wconf 83' lang='lat' dir='ltr'><strong>dc</strong></span> <span class='ocrx_word' id='word_1_381' title='bbox 1082 4479 1353 4540; x_wconf 82' lang='lat' dir='ltr'><strong>Gudenus,</strong></span> <span class='ocrx_word' id='word_1_382' title='bbox 1392 4479 1588 4543; x_wconf 76' lang='lat' dir='ltr'><strong>sylloge</strong></span> <span class='ocrx_word' id='word_1_383' title='bbox 1622 4479 1658 4530; x_wconf 91' lang='lat'><strong>1.</strong></span> <span class='ocrx_word' id='word_1_384' title='bbox 1696 4493 1804 4540; x_wconf 75' lang='lat' dir='ltr'><strong>var.</strong></span> <span class='ocrx_word' id='word_1_385' title='bbox 1842 4479 2056 4544; x_wconf 84' lang='lat' dir='ltr'><strong>diplom.</strong></span> <span class='ocrx_word' id='word_1_386' title='bbox 2096 4479 2147 4530; x_wconf 91' lang='lat' dir='ltr'><strong>S.</strong></span> <span class='ocrx_word' id='word_1_387' title='bbox 2178 4479 2433 4535; x_wconf 84' lang='lat'><strong>663—65.</strong></span> 
     </span>
    </p>
   </div>
   <div class='ocr_carea' id='block_1_23' title="bbox 202 4597 3906 4782">
    <p class='ocr_par' dir='ltr' id='par_1_23' title="bbox 202 4597 3906 4782">
     <span class='ocr_line' id='line_1_40' title="bbox 503 4597 3906 4682; baseline -0.003 -18"><span class='ocrx_word' id='word_1_388' title='bbox 503 4597 724 4664; x_wconf 81' lang='lat'><strong>*3800.</strong></span> <span class='ocrx_word' id='word_1_389' title='bbox 813 4599 1075 4681; x_wconf 64' lang='lat' dir='ltr'><strong>Bsnmu,</strong></span> <span class='ocrx_word' id='word_1_390' title='bbox 1143 4601 1379 4678; x_wconf 89' lang='lat' dir='ltr'><strong>Hertug</strong></span> <span class='ocrx_word' id='word_1_391' title='bbox 1447 4601 1513 4662; x_wconf 90' lang='lat' dir='ltr'><strong>til</strong></span> <span class='ocrx_word' id='word_1_392' title='bbox 1572 4601 1793 4672; x_wconf 87' lang='lat' dir='ltr'><strong>Stettin</strong></span> <span class='ocrx_word' id='word_1_393' title='bbox 1855 4619 1935 4679; x_wconf 90' lang='lat' dir='ltr'><strong>og</strong></span> <span class='ocrx_word' id='word_1_394' title='bbox 1991 4601 2203 4679; x_wconf 86' lang='lat' dir='ltr'><strong>Fyrste</strong></span> <span class='ocrx_word' id='word_1_395' title='bbox 2271 4603 2338 4662; x_wconf 92' lang='lat' dir='ltr'><strong>til</strong></span> <span class='ocrx_word' id='word_1_396' title='bbox 2398 4602 2648 4682; x_wconf 76' lang='lat' dir='ltr'><strong>Rygen,</strong></span> <span class='ocrx_word' id='word_1_397' title='bbox 2714 4600 2972 4678; x_wconf 88' lang='lat' dir='ltr'><strong>indgaar</strong></span> <span class='ocrx_word' id='word_1_398' title='bbox 3038 4617 3155 4680; x_wconf 88' lang='lat' dir='ltr'><strong>paa</strong></span> <span class='ocrx_word' id='word_1_399' title='bbox 3220 4616 3379 4676; x_wconf 82' lang='lat' dir='ltr'><strong>egne</strong></span> <span class='ocrx_word' id='word_1_400' title='bbox 3448 4618 3530 4677; x_wconf 92' lang='lat' dir='ltr'><strong>og</strong></span> <span class='ocrx_word' id='word_1_401' title='bbox 3598 4601 3906 4656; x_wconf 72' lang='lat' dir='ltr'><strong>21.uov1n·.</strong></span> 
     </span>
     <span class='ocr_line' id='line_1_41' title="bbox 202 4701 3529 4782; baseline 0.001 -20"><span class='ocrx_word' id='word_1_402' title='bbox 202 4701 516 4764; x_wconf 85' lang='lat' dir='ltr'><strong>Broderen</strong></span> <span class='ocrx_word' id='word_1_403' title='bbox 572 4703 809 4782; x_wconf 89' lang='lat' dir='ltr'><strong>Hertug</strong></span> <span class='ocrx_word' id='word_1_404' title='bbox 863 4703 1227 4766; x_wconf 85' lang='lat' dir='ltr'><strong>Wartislavs</strong></span> <span class='ocrx_word' id='word_1_405' title='bbox 1276 4705 1486 4780; x_wconf 86' lang='lat' dir='ltr'><strong>Vegne</strong></span> <span class='ocrx_word' id='word_1_406' title='bbox 1548 4704 1835 4768; x_wconf 87' lang='lat' dir='ltr'><strong>Forbund</strong></span> <span class='ocrx_word' id='word_1_407' title='bbox 1892 4704 2032 4767; x_wconf 88' lang='lat' dir='ltr'><strong>med</strong></span> <span class='ocrx_word' id='word_1_408' title='bbox 2091 4705 2270 4782; x_wconf 81' lang='lat' dir='ltr'><strong>Kong</strong></span> <span class='ocrx_word' id='word_1_409' title='bbox 2318 4705 2463 4766; x_wconf 85' lang='lat' dir='ltr'><strong>Erik</strong></span> <span class='ocrx_word' id='word_1_410' title='bbox 2519 4721 2599 4781; x_wconf 87' lang='lat' dir='ltr'><strong>og</strong></span> <span class='ocrx_word' id='word_1_411' title='bbox 2657 4705 2981 4780; x_wconf 89' lang='lat' dir='ltr'><strong>Dronning</strong></span> <span class='ocrx_word' id='word_1_412' title='bbox 3027 4701 3397 4782; x_wconf 86' lang='lat' dir='ltr'><strong>Margrethe.</strong></span> <span class='ocrx_word' id='word_1_413' title='bbox 3446 4737 3529 4750; x_wconf 90' lang='lat'>—</span> 
     </span>
    </p>
   </div>
   <div class='ocr_carea' id='block_1_24' title="bbox 201 4803 3528 4976">
    <p class='ocr_par' dir='ltr' id='par_1_24' title="bbox 201 4803 3528 4976">
     <span class='ocr_line' id='line_1_42' title="bbox 201 4803 3528 4886; baseline 0.001 -23"><span class='ocrx_word' id='word_1_414' title='bbox 201 4803 649 4885; x_wconf 73' lang='lat' dir='ltr'><strong>Belsinqborqh,</strong></span> <span class='ocrx_word' id='word_1_415' title='bbox 696 4807 760 4868; x_wconf 89' lang='lat' dir='ltr'><strong>in</strong></span> <span class='ocrx_word' id='word_1_416' title='bbox 806 4813 987 4868; x_wconf 89' lang='lat' dir='ltr'><strong>sunte</strong></span> <span class='ocrx_word' id='word_1_417' title='bbox 1036 4807 1311 4868; x_wconf 90' lang='lat' dir='ltr'><strong>Cecilien</strong></span> <span class='ocrx_word' id='word_1_418' title='bbox 1356 4807 1597 4870; x_wconf 89' lang='lat' dir='ltr'><strong>auende</strong></span> <span class='ocrx_word' id='word_1_419' title='bbox 1645 4808 1755 4870; x_wconf 89' lang='lat' dir='ltr'><strong>der</strong></span> <span class='ocrx_word' id='word_1_420' title='bbox 1799 4807 2057 4886; x_wconf 90' lang='lat' dir='ltr'><strong>hilghen</strong></span> <span class='ocrx_word' id='word_1_421' title='bbox 2092 4811 2520 4886; x_wconf 84' lang='lat' dir='ltr'><strong>juncvrowen.</strong></span> <span class='ocrx_word' id='word_1_422' title='bbox 3257 4805 3528 4886; x_wconf 76' lang='lat' dir='ltr'><strong>(Tydsk.)</strong></span> 
     </span>
     <span class='ocr_line' id='line_1_43' title="bbox 814 4909 2190 4976; baseline 0.001 -16"><span class='ocrx_word' id='word_1_423' title='bbox 814 4909 1189 4975; x_wconf 79' lang='lat' dir='ltr'><strong>Sili&#39;verstolpe,</strong></span> <span class='ocrx_word' id='word_1_424' title='bbox 1229 4910 1455 4961; x_wconf 81' lang='lat' dir='ltr'><strong>Svenskt</strong></span> <span class='ocrx_word' id='word_1_425' title='bbox 1488 4910 1826 4976; x_wconf 85' lang='lat' dir='ltr'><strong>Diplomatar.</strong></span> <span class='ocrx_word' id='word_1_426' title='bbox 1864 4909 1899 4960; x_wconf 93' lang='lat'><strong>1.</strong></span> <span class='ocrx_word' id='word_1_427' title='bbox 1937 4909 2190 4965; x_wconf 85' lang='lat'><strong>183—84.</strong></span> 
     </span>
    </p>
   </div>
   <div class='ocr_carea' id='block_1_25' title="bbox 202 5029 3906 5215">
    <p class='ocr_par' dir='ltr' id='par_1_25' title="bbox 202 5029 3906 5215">
     <span class='ocr_line' id='line_1_44' title="bbox 503 5029 3906 5112; baseline -0.003 -17"><span class='ocrx_word' id='word_1_428' title='bbox 503 5029 723 5095; x_wconf 82' lang='lat'><strong>*3801.</strong></span> <span class='ocrx_word' id='word_1_429' title='bbox 812 5029 1100 5111; x_wconf 73' lang='lat' dir='ltr'><strong>Rchnnl,</strong></span> <span class='ocrx_word' id='word_1_430' title='bbox 1148 5033 1428 5112; x_wconf 80' lang='lat' dir='ltr'><strong>episcopi</strong></span> <span class='ocrx_word' id='word_1_431' title='bbox 1476 5031 1931 5109; x_wconf 78' lang='lat' dir='ltr'><strong>BangorensiS,</strong></span> <span class='ocrx_word' id='word_1_432' title='bbox 1991 5037 2053 5094; x_wconf 90' lang='lat' dir='ltr'><strong>et</strong></span> <span class='ocrx_word' id='word_1_433' title='bbox 2096 5032 2386 5096; x_wconf 59' lang='lat' dir='ltr'><strong>sonamus</strong></span> <span class='ocrx_word' id='word_1_434' title='bbox 2433 5030 2736 5112; x_wconf 58' lang='lat' dir='ltr'><strong>Pinum,</strong></span> <span class='ocrx_word' id='word_1_435' title='bbox 2793 5029 3314 5094; x_wconf 87' lang='lat' dir='ltr'><strong>ambassiatorum</strong></span> <span class='ocrx_word' id='word_1_436' title='bbox 3359 5031 3526 5109; x_wconf 89' lang='lat' dir='ltr'><strong>regis</strong></span> <span class='ocrx_word' id='word_1_437' title='bbox 3595 5030 3680 5086; x_wconf 78' lang='lat'><strong>25.</strong></span> <span class='ocrx_word' id='word_1_438' title='bbox 3717 5031 3906 5084; x_wconf 74' lang='lat' dir='ltr'><strong>Novbr.</strong></span> 
     </span>
     <span class='ocr_line' id='line_1_45' title="bbox 202 5132 3524 5215; baseline 0 -22"><span class='ocrx_word' id='word_1_439' title='bbox 202 5132 430 5211; x_wconf 76' lang='lat' dir='ltr'><strong>Angliae</strong></span> <span class='ocrx_word' id='word_1_440' title='bbox 477 5135 542 5194; x_wconf 89' lang='lat' dir='ltr'><strong>in</strong></span> <span class='ocrx_word' id='word_1_441' title='bbox 590 5133 882 5213; x_wconf 89' lang='lat' dir='ltr'><strong>Daniam,</strong></span> <span class='ocrx_word' id='word_1_442' title='bbox 928 5133 1005 5194; x_wconf 91' lang='lat' dir='ltr'><strong>ad</strong></span> <span class='ocrx_word' id='word_1_443' title='bbox 1054 5142 1338 5197; x_wconf 87' lang='lat' dir='ltr'><strong>senatum</strong></span> <span class='ocrx_word' id='word_1_444' title='bbox 1386 5135 1713 5211; x_wconf 81' lang='lat' dir='ltr'><strong>Anglicum</strong></span> <span class='ocrx_word' id='word_1_445' title='bbox 1760 5135 1974 5196; x_wconf 80' lang='lat' dir='ltr'><strong>litterae</strong></span> <span class='ocrx_word' id='word_1_446' title='bbox 2022 5135 2098 5198; x_wconf 88' lang='lat' dir='ltr'><strong>de</strong></span> <span class='ocrx_word' id='word_1_447' title='bbox 2143 5135 2422 5198; x_wconf 89' lang='lat' dir='ltr'><strong>articulis</strong></span> <span class='ocrx_word' id='word_1_448' title='bbox 2476 5135 2902 5215; x_wconf 88' lang='lat' dir='ltr'><strong>proponendis</strong></span> <span class='ocrx_word' id='word_1_449' title='bbox 2954 5134 3018 5195; x_wconf 91' lang='lat' dir='ltr'><strong>in</strong></span> <span class='ocrx_word' id='word_1_450' title='bbox 3076 5150 3269 5196; x_wconf 91' lang='lat' dir='ltr'><strong>causa</strong></span> <span class='ocrx_word' id='word_1_451' title='bbox 3311 5135 3524 5196; x_wconf 90' lang='lat' dir='ltr'><strong>matri-</strong></span> 
     </span>
    </p>
   </div>
  </div>
 </body>
</html>
