4275 5759
1296 344 1513 421 Kone
1562 342 1965 421 VALneuAn
2017 349 2415 423 Armanas.
2551 354 2556 359 ’
3361 347 3508 421 269

502 616 719 683 *1904.
812 616 1233 681 Wumauaaus
1276 636 1384 681 rex
1423 620 1689 699 nuntiat,
1734 620 1799 683 in
1840 621 2067 700 placito
2106 638 2225 684 suo
2253 620 2592 699 justitiario
2627 620 2974 682 Johannem
3010 616 3171 681 Kaas
3204 616 3511 697 Karthorp

233 728 283 783 et
314 720 819 801 Kartborpfangb,
867 721 1170 811 Gregorio
1208 720 1595 797 Magnussen
1642 723 1818 785 militi
1862 740 1975 803 per
2010 723 2326 785 Andrean]-
2359 722 2677 787 Paetersen
2723 722 2798 783 de
2836 720 3222 797 Grandaeslif,
3271 718 3512 796 sibique

231 823 420 885 deinde
474 840 586 904 per
640 822 958 885 dominum
1004 823 1373 900 Gregorium
1417 822 1651 887 dictum
1697 827 2137 905 impignorata,
2201 827 2380 891 Petro
2424 824 2798 901 Wendelbo.
2829 824 3005 885 militi
3052 822 3408 899 resignasse
3453 825 3515 883 et

229 932 482 989 scotasse
526 924 719 987 libere
763 924 1164 1004 possidenda.
1214 960 1295 969 —-
1340 925 1671 1006 Alestathoe,
1716 929 1899 989 tertia
1939 929 2095 991 feria
2138 946 2314 1009 prox.
2362 935 2508 1007 post
2550 928 2775 991 festum
2825 926 3122 1008 Corporis
3170 924 3420 985 Christi.

806 1025 923 1077 Udt.
960 1028 981 1077 i
1014 1026 1073 1077 n.
1102 1026 1319 1087 Rauen,
1366 1027 1473 1079 Den
1513 1028 1711 1080 danske
1747 1028 2029 1082 Privatrets
2066 1031 2196 1083 Uist.
2235 1032 2286 1082 S.
2315 1030 2431 1085 372.

498 1162 718 1229 *1905.
808 1163 1211 1235 Manouianus
1279 1164 1603 1228 nomm
1672 1166 1852 1229 miles
1926 1170 2294 1247 episcopum
2357 1166 2830 1229 sleswicensem
2905 1182 3018 1245 pro
3085 1164 3282 1225 tertiis
3347 1162 3513 1223 mille

223 1268 423 1329 marcis
466 1266 803 1347 persolutis
850 1267 1089 1344 (initiat.
1129 1300 1209 1311 —
1242 1266 1457 1328 Coram
1501 1268 1837 1329 consulibus
1868 1269 2371 1349 (Lubicemibus),
2418 1272 2482 1331 in
2530 1269 2736 1347 vigilia
2777 1267 2837 1329 b.
2877 1268 3180 1329 Johannis
3224 1266 3512 1346 baptiste.

806 1368 1145 1421 urkundenb.
1182 1368 1231 1419 d.
1270 1368 1421 1421 stadt
1452 1368 1664 1422 Lubeck
1698 1370 1759 1421 11.
1798 1370 1912 1427 747.

416 1581 430 1594 .
501 1504 717 1570 *1906.
808 1504 1231 1569 Womsmnus
1288 1506 1604 1570 Danorum
1662 1506 2140 1587 Sclavorumque
2209 1526 2317 1571 rex
2373 1515 2435 1571 et
2499 1508 2622 1571 dux
2686 1508 2958 1569 Estoniae
3025 1505 3390 1582 magistrum
3457 1509 3520 1565 et

224 1607 737 1671 commendatores
762 1606 1039 1670 'fratrum
1083 1600 1612 1673 Theutonicorum
1660 1610 2219 1674 Jerosolimitarum
2263 1629 2376 1692 per
2419 1606 2734 1701 Livoniam
2791 1610 3104 1689 hortatur,
3163 1614 3234 1671 ut
3277 1607 3516 1684 Stigoto

225 1711 585 1790 Andersson,
632 1710 988 1773 consiliario
1036 1726 1175 1790 suc,
1224 1712 1549 1791 capitaneo
1587 1717 1763 1774 terrae
1814 1731 1942 1777 suae
1980 1715 2042 1775 in
2078 1714 2338 1777 Estonia
2371 1715 2678 1791 instituto,
2727 1720 2931 1775 castra
2973 1711 3048 1773 ab
3085 1713 3162 1773 iis
3196 1715 3519 1789 assumpta

226 1819 277 1873 et
315 1814 384 1874 ad
426 1830 646 1875 manus
694 1806 842 1876 suas
888 1818 1198 1875 reservata
1241 1814 1583 1891 assignent.
1630 1849 1713 1859 -—
1761 1815 2059 1895 Alburqis,
2106 1816 2205 1879 die
2251 1817 2312 1878 b.
2361 1816 2664 1878 Johannis
2708 1816 3012 1895 baptistoe.

812 1916 1011 1978 Bunge,
1048 1913 1207 1976 Liv.·‚
1244 1914 1420 1967 Esth.·
1458 1929 1507 1966 u.
1548 1916 1957 1970 Curlandisches
1992 1917 2332 1971 Urkundenb.
2369 1917 2449 1969 111.
2489 1917 2741 1971 141—42.

528 2052 729 2134 2251,
806 2050 983 2113 mech,
1021 2051 1334 2103 Geschlcbte
1369 2067 1421 2103 u.
1450 2052 1735 2105 Urkunden
1775 2054 1821 2106 d.
1858 2056 2067 2107 Geschl.
2097 2055 2244 2107 Halm
2282 2055 2344 2115 11,
2382 2053 2614 2107 Urkund.
2653 2056 2702 2106 S.
2732 2052 2950 2109 33—35.
3022 2012 3198 2113 bisch,
3233 2048 3517 2103 Urlmnden

814 2153 857 2199 z.
888 2136 1073 2189 Gesch.
1112 2136 1160 2187 d.
1193 2137 1400 2191 Geschl.
1438 2138 1574 2190 Behr
1606 2140 1667 2199 ll,
1705 2140 1935 2191 Urkund.
1975 2141 2026 2191 S.
2057 2140 2170 2195 170.
2245 2139 2756 2205 Meklenburglsches
2784 2136 3120 2191 Urkundenb.
3155 2136 3236 2187 lx.
3265 2135 3519 2191 573-—74.

533 2273 722 2341 2252,
812 2272 987 2335 Lisch,
1026 2274 1339 2327 Gescbtcbto
1367 2290 1418 2326 u.
1446 2274 1732 2328 Urkunden
1767 2277 1814 2328 d.
1845 2278 2053 2330 Geschl.
2082 2278 2232 2329 Rahn
2267 2278 2327 2338 ll,
2367 2275 2598 2330 Urkund.
2637 2278 2689 2329 S.
2717 2274 2936 2332 31-33.
3007 2274 3520 2337 uenenburgisches

809 2359 1148 2412 urkundenb.
1185 2360 1265 2411 lx.
1300 2360 1554 2415 572-73.

506 2496 735 2596 *1902
812 2496 1232 2561 wimannus
1278 2499 1597 2562 Danorum
1633 2500 2078 2580 Slavorumque
2125 2518 2232 2563 rex
2277 2506 2339 2563 et
2383 2501 2503 2563 dux
2541 2502 2808 2573 Estoniae
2857 2499 3096 2576 Stigoto
3135 2496 3519 2575 Andersson,

224 2601 527 2679 capitaneo
584 2600 889 2679 Estoniae,
960 2600 1229 2679 sigillum
1286 2604 1539 2665 nomine
1595 2604 1761 2679 regis
1822 2602 2161 2665 fabricandi
2222 2610 2284 2665 et
2336 2605 2475 2684 ipso
2532 2602 2746 2666 utendi
2802 2602 3152 2664 facultatem
3209 2598 3520 2677 concedit,

3635 512 3822 578 1344.

3581 617 3632 673 8.
3667 617 3824 668 Junll.

3582 1169 3664 1223 23.
3702 1169 3859 1220 lunii.

3585 1512 3655 1566 24
3704 1512 3862 1563 Junll.

3586 2062 3670 2113 20.
3706 2060 3846 2111 Julil.

3588 2284 3672 2337 20.
3709 2282 3848 2335 Julil.

3592 2506 3642 2559 1.
3677 2507 3917 2569 Augusti.

222 2702 581 2765 confirmans
618 2700 910 2780 quicquid
949 2702 1225 2780 Stigotus
1251 2706 1421 2784 juste
1462 2702 1575 2767 sub
1613 2704 1779 2766 dicto
1818 2706 2021 2783 sigillo
2060 2705 2245 2767 scribi
2283 2707 2484 2767 fuerit.
2522 2742 2605 2751 -
2641 2706 2824 2767 Festo
2857 2704 2919 2765 b.
2948 2704 3109 2765 Petri
3144 2704 3218 2765 ad
3254 2703 3518 2764 vincula.
3581 2682 3601 2703 ’

813 2804 1011 2867 cange,
1058 2804 1217 2864 ιω,
1253 2805 1429 2857 Estn—
1469 2819 1519 2856 u.
1558 2807 1967 2859 curiandiscnes
2002 2807 2341 2859 nrkundenb.
2390 2806 2446 2857 u.
2491 2806 2609 2862 373.
2693 2807 2900 2858 Brudst.
2947 2809 2964 2857 1
3008 2792 3198 2858 mstorl
3243 2805 3522 2856 'nassum

813 2889 861 2943 4.
890 2888 1080 2941 naekke
1113 2890 1197 2942 111.
1234 2890 1350 2944 197.

534 3009 725 3076 2253,
815 3009 1117 3070 fflchelsen,
1155 3010 1649 3063 Urkundensamml.
1691 3012 1747 3063 ll.
1785 3012 2072 3067 400—401.

509 3130 727 3195 *1908.
816 3130 1099 3193 Hmmcus
1168 3133 1504 3211 episcopus
1575 3132 1999 3195 Sleswicensis
2080 3133 2376 3195 consules
2457 3134 2719 3195 civitatis
2789 3130 3155 3195 Lubicensis
3224 3131 3521 3192 certiores

216 3234 370 3313 facit,
418 3252 486 3296 se
529 3233 877 3296 Wedekino
925 3238 988 3294 et
1026 3233 1384 3295 Hermanno
1431 3235 1612 3297 dictis
1661 3235 1735 3295 de
1778 3235 2228 3315 Warendorpe,
2283 3219 2572 3299 fratribus
2621 3236 2774 3313 suis,
2823 3234 3066 3313 plenam
3113 3238 3520 3314 postestatem

219 3337 482 3399 redditus
540 3353 691 3399 suos
753 3336 1249 3417 patrimoniales,
1308 3337 1369 3396 in
1430 3336 1583 3399 libro
1642 3339 1902 3399 civitatis
1964 3339 2269 3417 praedictae
2326 3340 2696 3417 inscriptos,
2757 3336 3060 3399 vendendi
3118 3343 3179 3398 et
3234 3336 3307 3397 de
3364 3334 3521 3396 libro

219 3439 616 3525 exscribendi.
697 3438 939 3513 (Addita
972 3445 1068 3500 est
1094 3438 1426 3501 verificatio
1463 3441 1801 3519 notariam,
1838 3440 1912 3503 ab
1944 3442 2226 3503 Johanne
2259 3442 2584 3519 Rotgheri,
2620 3443 2864 3502 notario
2900 3440 3173 3519 publico,
3211 3438 3413 3514 edita).
3447 3472 3518 3481 —

213 3542 604 3620 Swauestede,
662 3541 1001 3603 indictione
1056 3540 1195 3620 Xll,
1253 3542 1649 3620 pontificatus
1708 3544 2046 3605 Clementis
2093 3544 2196 3606 vl.
2255 3562 2428 3624 papae
2485 3561 2649 3605 anno
2705 3546 2921 3621 tertio,
2979 3544 3215 3604 mensis
3262 3542 3524 3618 Augusti

216 3644 305 3706 die
344 3644 449 3727 xl,
496 3645 651 3707 hora
694 3660 1092 3724 vesperarum
1137 3642 1232 3705 vel
1280 3645 1476 3721 quasi.

818 3744 1154 3798 Urkundenb.
1193 3743 1240 3795 d.
1280 3745 1429 3796 stadt
1461 3746 1674 3797 L1'1beck
1708 3747 1767 3797 11.
1807 3747 2057 3802 749-50.
2147 3810 2160 3827 .

512 3866 729 3933 *1909.
817 3866 1098 3945 Missus,
1157 3848 1392 3929 Sueciae
1450 3873 1569 3929 etc.
1620 3884 1754 3947 rex,
1812 3868 2220 3961 Hemmingo,
2280 3869 2754 3949 archiepiscopo
2803 3868 3160 3946 Upsalensi,
3218 3866 3522 3927 Nicholao

214 3970 598 4033 Abiornason
643 3968 965 4053 tribusque
1010 3969 1146 4033 aliis
1192 3968 1489 4031 militibus
1534 3970 1780 4049 plenam
1837 3970 2190 4033 facultatem
2247 3990 2416 4033 cum-
2447 3971 2714 4033 dominis
2771 3970 2846 4031 de
2893 3970 3150 4031 Estonia
3193 3968 3524 4049 placitandi

214 4079 272 4135 et
313 4073 730 4152 componendi
774 4072 1037 4133 confert.
1086 4105 1165 4115 —
1215 4072 1650 4150 Laykakolmis,
1697 4075 1758 4133 in
1805 4075 2247 4151 assumpcione
2291 4074 2351 4135 b.
2401 4075 2654 4150 virginis
2703 4074 2912 4135 Marie.

819 4173 1025 4237 Bunge‚
1062 4172 1252 4251 Archiy
1292 4173 1325 4224 f.
1364 4174 1675 4227 Geschlchte
1709 4175 1865 4233 Liv.-,
1912 4175 2084 4226 Esth.-
2128 4190 2181 4226 u.
2219 4176 2481 4227 Curlands
2525 4175 2562 4225 l.
2605 4174 2722 4229 314.
2803 4176 3010 4238 Bunge,
3056 4175 3213 4235 le.-,
3258 4174 3434 4225 Esth.-
3473 4188 3521 4225 u.

821 4257 1231 4309 Gurliindlsches
1268 4258 1604 4311 Urkundenb.
1644 4260 1701 4310 11.
1738 4260 1991 4314 373—74.
2065 4261 2196 4326 Dipl.
2236 4264 2470 4319 Svecan„
2510 4261 2588 4312 ed.
2627 4262 2680 4311 B.
2710 4262 2768 4312 Ε.
2799 4260 3115 4312 Htldebrand
3151 4260 3207 4310 V.
3245 4260 3496 4313 285-86.

536 4379 704 4445 2256
750 4397 821 4442 se
863 4378 1079 4443 *1637.

512 4516 730 4582 *1910.
820 4516 1191 4595 Euzsanru,
1248 4516 1465 4578 relicta
1520 4517 1753 4579 domini
1813 4516 2020 4580 Karoli
2075 4519 2424 4597 Paeterson,
2484 4519 2633 4581 Joou
2695 4521 2946 4581 Genaua:
3001 4518 3076 4579 de
3133 4520 3524 4599 Thaerslesae,

206 4620 460 4683 ‘raons
514 4619 801 4683 loannis
858 4625 921 4681 et
981 4624 1112 4680 tres
1173 4618 1277 4679 alii
1331 4620 1441 4681 viri
1508 4626 1844 4699 testantur,
1912 4621 2162 4699 lngerth
2229 4622 2618 4701 Karlsdoter,
2685 4621 2959 4683 relictam
3020 4622 3180 4684 Petri
3238 4621 3524 4701 Grubbae,

3589 3019 3639 3073 8.
3675 3020 3917 3082 Augusti.

3585 3137 3675 3231 Jl.
3711 3139 3952 3231 Augusti.

3584 3845 3674 3928 ⁹15.
3707 3838 3946 3937 Augusti.

3593 4385 3678 4439 22.
3716 4386 3954 4449 Augusti.

3595 4520 3678 4575 24.
3715 4522 3952 4585 Augusti.

208 4730 354 4803 post
397 4729 674 4787 ¹mortem
734 4722 927 4801 patris
986 4720 1222 4783 domini
1266 4721 1474 4784 Karoli
1537 4729 1596 4785 et
1652 4724 1907 4785 fratrum
1950 4724 2242 4788 Nicholai
2299 4730 2361 4785 et
2418 4724 2584 4786 Petri
2639 4724 2903 4787 Karlson
2955 4728 3096 4803 jure
3153 4725 3524 4787 hereditario
3588 4766 3602 4783 .

206 4826 507 4889 habuisse
562 4826 797 4887 curiam
854 4824 1260 4904 principalem
1330 4826 1391 4884 in
1448 4825 1913 4887 Haraeldstathae
1973 4834 2033 4888 et
2098 4829 2357 4907 insuper
2412 4828 2578 4889 bona
2644 4827 2922 4906 quaedam
2991 4829 3052 4887 in
3106 4828 3524 4905 Hanaescogh,

206 4928 631 5008 Kaepaetborp,
687 4926 1143 5005 Heemdalorae,
1198 4928 1263 4987 in
1308 4926 1627 4990 Ballandia
1671 4929 1733 4988 in
1781 4929 2297 5008 Gunnaelsthorp,
2357 4932 2418 4992 in
2469 4931 2916 5011 Sakaelsthorp‚
2976 4929 3178 5007 Ruth,
3225 4930 3524 4991 Haliakroe

206 5031 378 5108 litlae,
426 5030 806 5092 Gunnerslef
844 5030 1057 5089 makloe
1105 5036 1168 5090 et
1208 5028 1558 5108 Bisaethorp
1606 5031 1743 5090 sita.
1793 5066 1867 5074 -
1918 5031 2202 5094 Profesto
2249 5034 2684 5095 translacionis
2733 5051 2783 5095 s.
2832 5034 3004 5095 Lucii
3050 5050 3229 5112 pape.

826 5129 953 5194 Dipl.
992 5130 1228 5190 Svccan„
1265 5131 1345 5182 ed.
1384 5131 1437 5181 B.
1466 5132 1523 5181 E.
1556 5130 1869 5183 llildebrand
1907 5134 1960 5185 V.
1998 5133 2252 5187 291-92.
