4275 5759
307 528 505 593 1332·-
517 528 704 593 1335.

437 1335 624 1399 1333.

379 1540 427 1593 9.
465 1540 680 1595 Ianuar.

350 2088 430 2142 13.
468 2089 682 2140 ianuar.

352 2429 433 2483 13.
470 2431 687 2485 Ianuar.

757 364 907 437 230
2083 361 2773 435 Mummi-:omma

751 636 916 697 tanei
963 639 1152 697 castri
1195 638 1378 699 Steke
1428 644 1606 700 lerrae
1639 636 1928 715 Meoniae,
1977 636 2310 717 oppidanis
2356 636 2431 698 de
2470 637 2851 725 Stelteborch
2900 642 2961 699 et
3007 638 3229 699 incolis
3274 644 3453 698 terroe
3485 637 3672 699 Mene
3719 644 3781 698 et
3814 638 4105 700 villarum

750 737 1149 815 Kaluehagen
1198 746 1260 801 et
1307 740 1728 818 Wydamosen
1778 741 1839 800 in
1889 740 2180 803 selandia
2225 740 2483 801 sitarum
2530 744 2735 801 certas
2781 738 3103 802 libertates
3150 741 3213 801 in
3260 740 3557 801 nundinis
3602 741 3667 801 in
3700 740 3997 803 Scbanor
4044 746 4109 801 et

752 840 1068 902 Falsterbo
1116 841 1494 903 concedunt.
1545 876 1624 886 —-
1673 842 1817 903 Sine
1864 859 2052 905 anno.

1370 944 1502 1008 Dlpl.
1543 944 1782 1004 svecan„
1826 944 1904 995 ed.
1948 946 1999 995 B.
2029 946 2084 996 E.
2119 944 2436 997 ”ildebrand
2476 944 2552 993 lv.
2590 943 2831 997 441—42
2875 943 3085 1008 (Brevet
3118 958 3175 997 er
3211 945 3318 997 kun
3357 950 3409 997 et
3444 944 3738 1009 Fragment.
3774 945 3969 996 tundet
4004 958 4105 1011 pan

1367 1030 1760 1093 Seglremmene
1805 1030 1860 1081 al'
1901 1036 1952 1081 et
1998 1032 2155 1087 Brev,
2208 1030 2409 1081 deteret
2452 1030 2532 1081 tra
2580 1030 2885 1081 Stockholm
2933 1030 3013 1085 18.
3053 1032 3147 1093 Μι]
3194 1031 3367 1095 1335).
3450 1030 3756 1096 Brudstykk.
3804 1033 3823 1082 i
3868 1031 4106 1081 Uenen-

1364 1116 1676 1179 burgisches
1713 1116 2053 1167 Urkundenb.
2090 1115 2219 1166 vm.
2256 1115 2373 1169 512.
3423 1110 3433 1119 '

2297 1342 2547 1424 1333.

1059 1540 1278 1605 *1593.
1373 1541 1861 1605 Instrumentum
1907 1542 2240 1621 notariale,
2300 1560 2337 1603 a
2379 1543 2646 1605 Jouaass
2691 1542 3017 1620 Nlruonn,
3077 1544 3308 1604 clerico
3354 1542 3672 1605 Lundensi
3720 1552 3785 1606 et
3828 1550 4103 1621 notario,

752 1650 1021 1726 sactum,
1081 1646 1156 1707 de
1217 1644 1474 1706 denario
1533 1662 1586 1705 s.
1637 1646 1798 1707 Petri
1855 1652 2116 1724 accepto
2175 1662 2213 1705 a
2258 1644 2442 1706 Petro
2494 1646 2803 1723 Gervasii‚
2866 1647 3172 1707 canonico
3222 1646 3561 1708 vivariensi
3618 1653 3681 1708 et
3734 1648 4105 1728 apostolica!

753 1750 923 1811 sedis
983 1750 1233 1825 nuntio,
1312 1746 1387 1807 de
1447 1747 1686 1809 diocesi
1740 1747 2122 1828 Lincopensi
2182 1764 2309 1828 pro·
2354 1763 2520 1809 anno
2581 1746 2747 1811 1328
2804 1755 2865 1808 et
2924 1747 3335 1825 sequentibus
3390 1750 3607 1826 annis3
3676 1751 3839 1811 inter
3907 1756 4107 1813 testes

755 1853 1110 1913 nominatur
1150 1849 1381 1927 Parnus
1423 1850 1813 1930 Sraaucoms,
1851 1852 2197 1912 canonicus
2234 1849 2698 1913 Rosluwsnsls.
2738 1886 2809 1895 --
2854 1850 3157 1930 Lincopie,
3196 1851 3295 1913 die
3330 1868 3498 1913 nona
3528 1854 3769 1915 mensis
3804 1853 4108 1917 Ianuarii.

1375 1950 1508 2015 Dlpl.
1548 1952 1785 2013 Svecan„
1823 1951 1902 2004 ed.
1940 1953 1996 2003 B.
2025 1952 2082 2003 Ε.
2112 1950 2435 2004 Hildebrand
2467 1951 2547 2003 lv,
2582 1951 2838 2007 297-98.

1063 2088 1286 2153 *1594
1379 2089 1540 2151 Grev
1587 2090 1752 2151 Gsnr
1807 2090 1874 2151 af
1911 2089 2214 2153 Holstens
2258 2089 2634 2151 Vaernebrev
2689 2091 2785 2151 ror
2832 2089 2941 2151 Hr.
2988 2089 3083 2151 Sti
3126 2088 3513 2152 Andersson.
3574 2125 3651 2137 —
3711 2090 3980 2171 Aarlms,
4040 2094 4107 2153 in

753 2198 970 2253 octava
1014 2191 1399 2272 Epiphaniae.

1373 2294 1488 2347 Udt.
1529 2296 1549 2345 1
1585 2293 1851 2354 Hvitfeldt,
1888 2294 2074 2345 Danm.
2115 2295 2270 2358 nges
2310 2294 2463 2345 tiron.
2502 2293 2555 2345 S.
2584 2292 2686 2347 457
2722 2290 3025 2359 (xvartudg.
3062 2292 3147 2345 ΙΙΙ.
3181 2292 3460 2361 sos—94).

1063 2430 1279 2495 *1595
1370 2430 1610 2510 Hertug
1656 2433 1981 2495 Vannius
2041 2449 2121 2508 og
2172 2431 2333 2493 Grev
2380 2433 2543 2493 Gnar
2599 2436 2927 2511 pantsoette
2975 2431 3443 2493 Senderherred
3490 2432 3681 2494 Diurs
3740 2432 3805 2493 til
3852 2432 3962 2494 Ην.
4012 2435 4107 2495 Sti

634 2530 644 2539 ’
755 2533 1123 2596 Anderssen
1180 2534 1278 2596 for
1336 2532 1462 2597 150
1520 2534 1694 2596 Mark
1753 2533 1927 2612 Salv,
1991 2535 2114 2611 dog
2172 2540 2234 2593 at
2288 2533 2653 2596 Bondernes
2712 2534 3133 2596 Extrasliatter
3186 2534 3510 2611 (Precaria)
3568 2535 3768 2597 skulle
3825 2536 4110 2597 astortes

351 2876 431 2930 16.
469 2876 686 2930 Ianuar.

351 3424 434 3478 29.
471 3426 683 3477 Ianuar.

416 3972 497 4025 14.
537 3970 684 4022 Febr.

380 4414 464 4466 12.
501 4414 686 4465 Martii.

317 4789 328 4802 .
382 4752 466 4805 21.
505 4753 690 4819 nertii.

393 4906 440 4958 7.
479 4906 691 4969 Aprilis.

753 2636 771 2696 i
817 2635 1323 2698 Pantesummen.
1373 2671 1453 2681 —
1501 2637 1569 2697 ln
1617 2638 1850 2699 octavis
1897 2636 2281 2717 Epiphaniae.

1371 2738 1488 2790 Udt.
1525 2740 1544 2789 l
1579 2737 1845 2799 Hvltreldt,
1884 2738 2066 2789 Danm.
2106 2738 2261 2803 nges
2297 2738 2456 2789 Krsn.
2495 2739 2545 2791 S.
2576 2738 2678 2793 455
2714 2738 3017 2805 (Kvartudg.
3055 2739 3137 2790 ΙΙΙ.
3174 2736 3313 2805 388).

1065 2874 1284 2941 *1596.
1377 2875 1662 2956 MAGNUS,
1722 2894 1829 2939 rex
1876 2876 2112 2938 Sueciae
2161 2883 2223 2938 et
2266 2877 2623 2957 Norvegiae‚
2684 2896 2942 2941 summoe
2991 2878 3231 2954 argenti
3276 2876 3664 2957 praegrandis
3715 2894 3829 2958 pro
3877 2878 4111 2939 Skania

756 2978 1184 3057 persolvendae
1233 2995 1424 3041 causa
1468 2985 1731 3060 accepta
1773 2979 2102 3041 medietate
2150 2978 2529 3041 decimarum
2579 2982 2859 3043 omnium
2910 2982 3087 3057 regni
3134 2980 3371 3041 Sueciae
3430 2980 3874 3057 ecclesiarum,
3930 2997 4107 3042 anno

745 3083 878 3161 jam
925 3083 1209 3161 proximo
1255 3083 1463 3144 futuro
1511 3081 1588 3143 de
1636 3083 1810 3144 hisce
1858 3082 2119 3143 decimis
2168 3082 2660 3145 satisfactionem
2705 3086 3029 3164 promittit.
3078 3118 3147 3128 —
3201 3081 3454 3161 erebro,
3510 3082 3772 3145 sabbato
3816 3085 4109 3162 proximo

753 3190 901 3263 post
943 3190 1194 3247 octavas
1242 3184 1610 3264 Epiphanie.

1373 3285 1507 3350 Dlpl.
1547 3287 1785 3346 Svecan„
1823 3285 1905 3337 ed.
1943 3287 1997 3337 Β.
2027 3286 2085 3337 Ε.
2113 3285 2437 3339 Hildebrand
2471 3286 2550 3338 IV.
2587 3287 2877 3343 299-300,

1065 3420 1284 3487 *1597.
1375 3422 1687 3502 ΚΑκοιυε,
1768 3425 2287 3503 archiepiscopus
2356 3424 2742 3504 Lundensis,
2810 3426 2988 3487 altari
3063 3424 3258 3485 beatoe
3327 3422 3618 3501 Martha,
3698 3425 3762 3485 in
3830 3426 4109 3487 ecclesia

756 3522 1078 3587 Lundensi
1141 3524 1217 3585 ab
1265 3525 1505 3601 Esgero
1550 3527 2029 3605 archiepiscopo
2075 3526 2334 3588 fundato
2382 3533 2443 3588 et
2487 3527 2563 3589 ad
2611 3530 2903 3590 cantoriae
2960 3526 3321 3605 dignitatem
3380 3526 3709 3606 deputato,
3768 3528 4107 3590 ecclesiam

756 3628 819 3685 in
865 3625 1192 3688 Barkakrae
1239 3630 1518 3689 annectit
1575 3646 1845 3706 suasque
1904 3629 2058 3691 duas
2117 3630 2325 3691 curias
2386 3631 2447 3690 in
2496 3629 2821 3705 lighelesae
2879 3647 2994 3711 pro
3049 3630 3263 3691 missis
3311 3628 3701 3691 celebrandis
3760 3628 3974 3692 donat.
4022 3666 4107 3677 -—

758 3729 1009 3807 Lundis,
1057 3730 1210 3791 feria
1255 3736 1428 3791 sexta
1471 3736 1612 3793 ante
1659 3731 2154 3813 purificationem
2200 3732 2262 3793 b.
2312 3732 2607 3809 Virginis.

1367 3832 1505 3897 Dipl.
1540 3834 1776 3895 Svecan„
1815 3833 1896 3885 ed.
1936 3834 1990 3884 Β.
2019 3833 2078 3883 Ε.
2108 3833 2430 3885 lindebi-and
2464 3834 2544 3885 lv.
2581 3834 2869 3889 303—304.

1062 3966 1280 4033 *1598.
1371 3969 1717 4033 Nicnomns
1763 3971 2092 4049 Jacossou,
2142 3971 2406 4033 villanus
2456 3974 2516 4032 in
2556 3971 2951 4051 Malmeghae‚
3000 3971 3289 4033 fratribus
3336 3971 3815 4049 praedicatorum
3864 3971 4109 4034 ordinis

756 4076 1104 4133 conventus
1153 4070 1504 4133 bundensis
1563 4074 1837 4151 quinque
1894 4073 2221 4151 tabernas,
2282 4074 2533 4153 capellae
2596 4092 2811 4137 eorum
2871 4076 2933 4135 in
2981 4074 3351 4151 Malmoghoe
3409 4090 3717 4152 annexas,
3775 4074 3992 4135 vendit
4048 4082 4109 4136 et

759 4178 980 4235 scotat.
1029 4208 1111 4219 —
1157 4174 1225 4235 ln
1270 4174 1434 4237 festo
1479 4174 1541 4236 b.
1589 4175 1901 4238 Valentini
1946 4175 2238 4236 martiris.

1370 4276 1501 4342 Dlpl.
1539 4277 1779 4336 Svecan„
1818 4276 1898 4328 ed.
1941 4278 1994 4327 Β.
2023 4276 2080 4328 Ε.
2109 4276 2431 4330 Hildebrand
2466 4278 2547 4330 IV.
2582 4278 2700 4333 305.

1072 4412 1292 4478 ’1599.
1384 4415 1663 4479 ΑΒεοιοκ
1684 4414 2070 4478 Parnassos
2099 4416 2357 4495 litteras,
2380 4432 2491 4497 per
2513 4432 2667 4494 quas
2687 4424 2884 4478 mater
2906 4420 3041 4496 ejus
3056 4420 3203 4477 Vnoe
3218 4414 3613 4477 Petersdoter
3630 4414 3799 4477 bona
3818 4416 4107 4493 quaedam

761 4514 826 4574 in
873 4514 1162 4595 Ytloeryth
1215 4522 1276 4579 et
1322 4516 1672 4597 Lynderyth
1721 4518 1840 4579 sita
1883 4516 2145 4580 Tostoni
2192 4518 2559 4581 Thuresson
2609 4525 2975 4598 scotaverat,
3023 4519 3303 4581 ratificat.
3350 4547 3431 4563 —
3479 4519 3593 4581 Die
3637 4518 3700 4579 b.
3748 4519 4064 4596 Gregorii.

1367 4620 1502 4684 Dipl.
1540 4620 1779 4680 Svecan„
1817 4619 1897 4672 ed.
1935 4620 1990 4671 B.
2018 4621 2077 4671 E.
2107 4620 2429 4673 Hildebrand
2463 4620 2542 4671 lv.
2578 4622 2698 4676 307.

1061 4754 1262 4821 *1600
1306 4774 1375 4820 se
1429 4756 1630 4822 1343?
1693 4758 1798 4824 30.
1847 4758 2072 4823 Martii.

1064 4910 1283 4975 *1601.
1374 4913 1669 4991 Aenean,
1729 4912 2280 4993 Magnopolensis,
2340 4912 2811 4990 Stargardensis
2872 4918 2935 4975 et
2980 4913 3470 4975 Rozstoecensis
3526 4911 3795 4989 domini,
3854 4912 4103 4991 litterae,

757 5008 982 5086 quibus
1030 5014 1408 5074 monasterio
1451 5013 1886 5077 Doberanensi
1929 5022 2157 5096 praeter
2199 5018 2516 5096 precarias
2551 5018 2683 5094 jam
2732 5016 2807 5077 ab
2854 5015 3039 5077 Erico
3085 5033 3233 5093 rege
3272 5016 3487 5092 Dacie,
3548 5016 3687 5092 -qui
3734 5021 3887 5076 tunc
3938 5024 4099 5077 tem-

757 5113 928 5188 poris
975 5112 1316 5177 dominium
1365 5122 1525 5177 terre
1565 5114 1880 5178 Rozstock
1924 5120 2189 5195 tenuit«,
2234 5121 2619 5181 monasterio
2658 5122 2719 5180 in
2770 5119 2967 5180 tribus
3014 5118 3173 5179 villis
3218 5117 3491 5179 abbaciae
3538 5133 3693 5195 suoe,
3745 5116 3994 5179 scilicet
4038 5119 4099 5180 in
