4275 5759
444 538 626 605 1336.

424 642 508 695 27.
547 644 682 704 maji.

424 1087 506 1140 27.
546 1087 678 1171 Mali.

455 1635 501 1688 1.
538 1634 683 1689 Julil.

339 2271 525 2323 8-12.
563 2270 646 2320 vel

306 2340 524 2393 15—19.
538 2338 684 2393 suni.

417 2716 504 2769 26.
539 2716 680 2767 Julii.

417 3367 500 3420 27.
539 3368 679 3418 sum.

423 3810 508 3865 27.
545 3812 691 3865 Julll.

357 4258 413 4311 1.
445 4258 686 4320 Augusti.

327 4801 407 4854 12.
444 4802 686 4866 Augusti.

329 5024 414 5078 12.
450 5025 691 5088 Augusti.

756 373 904 446 240
2073 362 2752 445 Msnnsmcsnme.

1061 643 1278 710 *1674
1371 644 1681 708 Consonus
1719 660 1920 707 orrim
1957 644 2167 707 Boncu
2207 645 2268 706 in
2307 652 2471 707 terra
2503 645 2851 707 Veemeren
2888 651 3215 723 testantur,
3252 645 3624 719 Nicholaum
3660 646 4099 726 presbyterum

751 748 994 807 vicariae
1043 747 1289 807 cuidam
1333 748 1399 808 in
1447 763 1690 809 summa
1739 748 2009 807 ecclesia
2061 745 2226 809 beati
2276 747 2560 810 Nicholai
2617 748 2681 807 in
2728 748 2969 808 civitate
3017 745 3352 809 Lubicensi
3397 765 3589 811 unum
3639 749 3924 827 quartale
3974 751 4103 825 agri

751 850 936 910 unius
984 851 1184 909 mansi
1232 850 1304 927 in·
1342 849 1483 910 villa
1528 849 2022 929 Bischopestorp
2070 848 2343 911 dedisse.
2390 883 2476 894 —
2522 848 2590 910 In
2638 852 2912 911 crastino
2960 850 3103 910 sesti
3150 857 3365 912 sancte
3414 846 3754 912 Trinitatis.

1364 950 1646 1011 Leverkus,
1683 950 2021 1003 Urlmndenb.
2060 950 2108 1000 d.
2151 952 2423 1003 Bisthums
2460 950 2674 1002 Lubeck
2708 950 2745 1001 1.
2784 950 3038 1004 778-79,

1059 1087 1278 1151 *1675.
1368 1088 1762 1168 Τκιυιιιιῡυε,
1818 1090 2197 1168 praepositus
2256 1091 2319 1149 in
2366 1089 2607 1168 Borch,
2668 1089 3003 1150 Drrumuus
3061 1090 3127 1149 in
3171 1088 3547 1167 Lantkerke,
3606 1089 3993 1153 Wusausnus
4038 1094 4100 1151 in

749 1188 1133 1267 Peterstorp‚
1181 1190 1588 1252 ecclesiarum
1637 1198 1813 1252 terrae
1850 1192 2195 1252 Veemeren
2245 1200 2546 1270 rectoreS,
2595 1198 2923 1269 testantur,
2970 1190 3342 1252 Nicholaum
3380 1190 3815 1270 presbyterum
3856 1194 4099 1255 vicariae

751 1290 994 1352 cuidam
1045 1294 1107 1351 in
1155 1309 1399 1354 summa
1455 1293 1726 1354 ecclesia
1779 1294 1941 1355 beati
1988 1292 2275 1355 Nicholai
2330 1295 2395 1354 in
2454 1295 2697 1355 civitate
2742 1292 3081 1355 Lubicensi
3140 1310 3332 1356 unum
3392 1295 3669 1371 quartale
3715 1298 3853 1371 agri
3916 1298 4099 1358 unius

749 1396 952 1454 mansi
998 1396 1061 1453 in
1109 1394 1249 1455 villa
1293 1395 1786 1476 Bischopestorp
1834 1395 2106 1457 dedisse.
2156 1430 2240 1439 -
2285 1396 2353 1455 ln
2400 1398 2675 1457 crastino
2722 1396 2864 1457 festi
2912 1402 3127 1457 sancte
3172 1395 3513 1457 Trinitatis

1365 1495 1648 1557 Leverkus,
1686 1497 2026 1549 Urkundenb.
2065 1496 2114 1547 d.
2155 1497 2425 1549 Bisthums
2462 1497 2676 1548 Lubeck
2710 1496 2746 1547 1.
2785 1496 2901 1550 780.

1061 1632 1280 1698 *1676.
1371 1634 1857 1697 lustramentum
1926 1636 2226 1697 notariale
2304 1636 2379 1698 de
2460 1635 2712 1697 arbitrio
2781 1635 3020 1696 Hinrici
3098 1636 3380 1715 episcopi
3446 1635 3825 1699 Lubicensis
3908 1654 4105 1716 super

753 1736 1092 1797 homicidio
1148 1736 1387 1797 Hinrici
1441 1736 1576 1798 Kat.
1679 1738 1845 1799 Inter
1899 1743 2245 1817 praesentes
2277 1740 2688 1800 nominatur:
2758 1736 3165 1808 Msnoussnus
3224 1755 3297 1800 os
3350 1737 3707 1817 Bocuoms,
3776 1742 4101 1819 magister,

751 1838 1177 1900 thesaurarius
1225 1839 1718 1901 SLBSBWICBNSIS.
1774 1874 1845 1883 —
1898 1838 1971 1901 In
2022 1840 2271 1901 ecclesia
2323 1846 2516 1901 sancti
2557 1843 2801 1917 Georyii
2852 1846 3027 1900 extra
3069 1856 3271 1900 muros
3318 1840 3696 1920 Labie-emes,
3754 1842 4103 1905 indictione

752 1948 990 2019 quarta,
1036 1940 1438 2020 pontificatus
1484 1942 1808 2003 Benedicti
1853 1959 2028 2022 papae
2071 1944 2257 2005 Xllml
2297 1961 2462 2004 anno
2511 1942 2817 2020 secundo,
2864 1943 3065 2020 prima
3109 1942 3208 2003 die
3254 1947 3497 2004 mensis
3546 1943 3717 2006 Julii.

1364 2042 1702 2095 Urkundenb.
1751 2043 1798 2094 d.
1838 2043 1987 2095 Stadt
2021 2044 2235 2096 Lubeck
2268 2046 2328 2097 ll.
2364 2044 2619 2099 585—89.
2706 2044 3014 2109 ssrudstykk.
3062 2058 3126 2108 og
3171 2044 3322 2107 tydsk
3356 2044 3473 2096 Udt.
3520 2047 3539 2094 i
3577 2046 4105 2111 Meklenburgisches

1363 2127 1704 2181 Urkundenb.
1742 2129 1868 2181 vul.
1906 2130 2024 2184 459.

1058 2265 1277 2330 *1677.
1365 2266 1600 2329 Pernus
1645 2268 1928 2330 Essssos
1976 2268 2051 2329 de
2096 2267 2336 2330 Holmae
2395 2269 2629 2330 curiam
2684 2268 3011 2347 capitalem
3058 2284 3237 2329 suam
3284 2275 3347 2329 et
3393 2286 3680 2331 sororum
3730 2287 3989 2332 suarum
4044 2273 4105 2331 in

755 2368 934 2428 Wika
978 2386 1120 2429 cum
1169 2370 1396 2429 ceteris
1431 2368 1616 2431 bonis
1663 2371 1728 2430 in
1761 2370 2086 2432 Hallandia
2119 2372 2257 2432 sitis
2294 2371 2634 2432 Benedicto
2670 2370 2964 2431 Eskilson
3001 2371 3077 2431 de
3116 2370 3423 2447 Blaesinge
3462 2371 3690 2433 vendit.
3738 2407 3822 2417 -
3870 2373 3939 2433 ln
3988 2420 4004 2433 .
4044 2420 4058 2433 .
4091 2421 4105 2433 .

751 2470 906 2530 feria
949 2477 1091 2530 ante
1137 2472 1364 2532 festum
1411 2470 1473 2531 b.
1520 2472 1867 2549 Margarete
1913 2474 2193 2550 virginis.

1377 2571 1509 2637 Dipl.
1541 2576 1778 2636 Svecan„
1806 2574 1886 2626 ed.
1916 2575 1970 2625 B.
1990 2575 2048 2626 E.
2068 2575 2389 2627 Hildebrand
2416 2574 2495 2627 lv.
2514 2574 2631 2628 508.
2699 2575 2898 2635 Mouet,
2928 2574 3417 2639 Foru-Handlingar
3446 2576 3671 2628 rorando
3688 2577 3912 2628 Balland
3940 2582 3993 2628 s.
4016 2580 4108 2633 65.

1061 2710 1278 2774 *1678.
1367 2710 1631 2775 JACOBUS
1696 2712 1913 2792 ΡΑυιι,
1985 2713 2265 2776 decanus
2332 2712 2804 2791 Roskildensis,
2876 2713 3186 2775 sacerdoti
3253 2714 3537 2775 ecclesiae
3606 2732 3658 2776 s.
3726 2715 3969 2777 Nicolai
4044 2718 4109 2778 in

751 2810 1066 2873 Holaebaek
1113 2814 1384 2893 mandat,
1433 2822 1502 2876 ut
1545 2814 1894 2878 residentes
1942 2818 2006 2877 in
2055 2817 2331 2895 quinque
2365 2815 2641 2877 tabernis
2678 2816 2931 2893 ibidem,
2979 2832 3135 2893 quas
3173 2815 3511 2897 RolueruS,
3559 2824 3768 2881 rector
3812 2819 4111 2881 ecclesiae

754 2913 1006 2993 Rythae,
1067 2917 1321 2979 nomine
1378 2919 1594 2979 matris
1653 2935 1782 2980 suae
1841 2918 1917 2979 ab
1975 2916 2316 2981 heredibus
2374 2919 2613 2981 Claudii
2662 2919 3133 2997 Gynzaelinson,
3193 2920 3294 2980 cui
3351 2920 3780 2997 impignorata}
3830 2922 4111 3000 ruerant,

755 3016 1121 3095 redemerat,
1171 3036 1431 3097 quaeque
1478 3022 1540 3081 in
1589 3020 1832 3100 synodo
1868 3023 2124 3083 oestivali
2158 3022 2435 3101 generali
2482 3022 2539 3083 ei
2584 3020 2949 3100 adjudicatae
2998 3027 3193 3099 erant,
3242 3029 3513 3102 moneat,
3563 3030 3629 3083 ut
3674 3024 3797 3102 ipsi
3842 3024 4109 3086 domino

753 3118 1029 3182 Roluero
1076 3119 1152 3182 de
1199 3130 1410 3183 cetero
1459 3123 1898 3204 respondeant.
1950 3158 2028 3169 -
2078 3125 2368 3186 Crastino
2412 3124 2475 3186 b.
2522 3123 2743 3186 Jacobi
2786 3124 3075 3204 apostoli.

1375 3224 1432 3275 ll.
1463 3225 1680 3286 Hatzem
1719 3226 1828 3278 Den
1867 3225 2066 3277 danske
2103 3226 2374 3279 Pantercts
2411 3226 2542 3277 fflst.
2580 3226 2632 3277 S.
2662 3225 2916 3281 460—61.

1063 3360 1279 3451 *1679.
1369 3362 1634 3443 Psrsus,
1692 3364 2212 3444 archiepiscopus
2257 3364 2645 3442 Lundensis‚
2704 3366 2927 3425 fratres
2974 3370 3037 3424 et
3086 3363 3378 3442 leprosos
3425 3364 3489 3424 in
3536 3364 3727 3426 domo
3774 3366 4113 3444 hospitalis

753 3479 948 3542 prope
996 3466 1122 3525 Aos
1170 3464 1289 3525 sita
1335 3465 1451 3526 suh
1498 3469 1890 3546 protectione
1938 3484 2051 3528 sua
2096 3468 2339 3547 recipit,
2386 3466 2705 3528 libertates
2752 3468 2844 3527 eis
2884 3482 2921 3527 a
2955 3465 3535 3544 praedecessoribus
3572 3470 3707 3529 suis
3756 3484 4115 3530 concessas

753 3564 1154 3627 confirmans.
1203 3600 1288 3611 --
1331 3569 1525 3648 Aost‘e,
1575 3568 1833 3631 sabbato
1878 3570 2163 3647 proximo
2210 3574 2355 3631 ante
2404 3568 2571 3629 diem
2603 3567 2679 3629 Ἰ).
2730 3567 2932 3630 Olaui.

1366 3668 1499 3735 Dipl.
1538 3670 1776 3732 Svecan„
1815 3670 1894 3724 ed.
1933 3672 1989 3723 B.
2017 3671 2076 3723 Ε.
2106 3670 2429 3722 Hudebrsnd
2465 3671 2545 3721 IV.
2581 3670 2699 3724 512.

1069 3806 1286 3871 *1680.
1377 3807 1630 3888 Ριετιιυε,
1678 3810 2196 3889 archiepiscopus
2242 3810 2621 3888 LundensiS,
2670 3808 2963 3872 omnibus
3009 3826 3151 3871 vere
3199 3808 3687 3889 poenitentibuS,
3738 3811 3843 3889 qui
3890 3810 4116 3873 domui

758 3908 1155 3987 leprosorum
1194 3911 1371 3989 juxta
1415 3914 1541 3972 Aos
1578 3928 1802 3973 manus
1848 3914 2241 3991 porrexerint
2285 3912 2645 3991 adjutrices,
2694 3911 3113 3988 indulgentias
3152 3913 3366 3988 viginti
3414 3912 3653 3975 dierum
3700 3913 3777 3975 de
3824 3914 4119 3993 injuncta

759 4011 850 4071 eis
896 4014 1282 4089 poenitentia
1325 4013 1576 4075 relaxat.
1623 4048 1707 4059 -—
1751 4015 1924 4093 Aoos,
1973 4013 2231 4075 sabbato
2280 4016 2561 4094 proximo
2608 4020 2751 4077 ante
2797 4014 2962 4076 diem
3006 4013 3069 4077 h.
3119 4013 3301 4077 Olaui
3346 4017 3515 4093 regis
3561 4024 3625 4077 et
3668 4018 3986 4096 martyris.

1373 4114 1506 4181 Dlpl.
1545 4116 1783 4176 Svecsnf,
1820 4116 1901 4167 ed.
1939 4116 1995 4166 B.
2023 4116 2081 4167 Ε.
2110 4115 2434 4170 nudebrand
2466 4117 2547 4168 lv.
2583 4116 2702 4171 513.

1066 4251 1284 4316 *1681.
1375 4252 1898 4336 Transsumptum
1946 4254 2021 4316 ab
2064 4256 2415 4332 Haemum,
2464 4255 2683 4318 abbate
2730 4257 2793 4317 in
2839 4254 3219 4335 Hiddensee‚
3266 4256 3544 4334 Tfflmco,
3591 4257 3801 4335 priore
3848 4257 4115 4319 fratrum

762 4352 1246 4433 praedicatorum
1293 4358 1356 4416 in
1404 4356 1670 4437 sundis,
1729 4364 1792 4418 et
1833 4358 2138 4437 Nicomo,
2199 4358 2496 4434 gardiano
2542 4359 2797 4420 fratrum
2856 4360 3167 4421 minorum
3225 4357 3486 4437 ibidem,
3556 4358 3897 4421 litterarum
3948 4360 4119 4421 Erici

758 4457 958 4534 regis,
1030 4473 1175 4518 ann.
1241 4457 1404 4523 1309
1469 4459 1567 4521 die
1626 4459 1726 4523 15.
1777 4460 2004 4523 Novbr.
2064 4460 2346 4522 datarum
2403 4466 2519 4536 (nr.
2569 4459 2790 4539 1713),
2849 4460 3104 4523 editum.
3166 4496 3241 4507 -—
3298 4460 3558 4542 Sancti-5,
3618 4462 3780 4523 festo
3836 4461 3900 4522 b.
3951 4462 4119 4524 Petri

757 4556 835 4619 ad
881 4559 1155 4621 vincula.

1374 4663 1641 4729 Ludewig,
1677 4662 1933 4728 Reliqulae
1969 4667 2457 4729 manuscriptorum
2493 4665 2595 4717 ΧΠ.
2632 4664 2751 4719 423.

1093 4800 1284 4868 2140,
1377 4800 1507 4866 pipi.
1551 4802 1790 4863 svam„
1827 4802 2819 4857 ea.s.n.nu‹10hrand1v.514—15.
2893 4802 3232 4857 Urkunaenh.
3264 4803 3314 4854 ᾱ.
3344 4802 3497 4857 suat
3522 4804 3737 4857 ιωιωι
3760 4803 3821 4856 u.
3848 4804 4113 4861 sss—94·

1375 4888 1501 4939 Jvtr.
1539 4887 1624 4939 Nr.
1657 4886 1840 4942 *1682

1071 5022 1290 5088 *1682
1381 5024 1613 5100 MAsm,
1663 5025 1934 5105 Sueciae,
1991 5027 2316 5104 Norvegioe
2365 5027 2733 5106 Skauiaeque
2779 5029 2979 5108 regis,
3040 5029 3256 5091 litterae
3304 5028 3587 5108 ejusdem
3632 5032 3989 5105 argumenti
4036 5048 4113 5093 ac

763 5126 979 5189 litterae
1039 5126 1156 5189 sub
1215 5144 1310 5189 nr.
1348 5126 1520 5193 2140
1575 5128 1806 5209 allatae,
1865 5128 2088 5191 additis
2146 5129 2539 5193 uberioribus
2599 5132 2935 5209 privilegiis
2994 5130 3070 5193 de
3128 5132 3452 5209 naufragio
3512 5138 3576 5195 et
3632 5132 3970 5212 privilegiis
4030 5132 4111 5195 de
