4275 5759
1233 341 1452 416 Kone
1503 341 1902 415 VALnsuAn
1959 343 2356 415 Amnum.
3312 346 3458 419 267

1680 621 1929 758 1344.

450 804 665 871 *1886.
754 805 1159 878 Manousnnus
1174 803 1497 869 Roaamun
1526 804 1706 866 miles
1732 808 2155 885 recognoscit,
2183 824 2250 868 se
2275 810 2599 886 primarias
2625 806 2789 869 mille
2815 820 3054 866 marcas
3069 804 3460 867 denariorum

190 910 251 971 de
289 910 466 972 tribus
502 909 777 971 millibus
822 909 1049 969 marcis
1094 923 1209 987 pro
1257 907 1681 988 redemptione
1728 910 1916 971 castri
1952 909 2348 973 Swauestede
2389 910 2702 973 solvendis
2749 908 2824 969 ab
2862 906 3116 968 Hinrico
3163 908 3462 986 episcopo

189 1013 535 1075 Sleswicensi
578 1011 925 1091 accepisse.
974 1045 1053 1054 —
1099 1009 1316 1069 Coram
1358 1008 1694 1069 consulibus
1738 1010 2240 1091 (Labie-ensibus),
2287 1014 2348 1073 in
2398 1014 2670 1074 crastino
2721 1010 3110 1090 ephyphanie
3154 1008 3423 1071 Domini.

754 1110 1093 1165 urkundenb.
1132 1109 1180 1162 d.
1220 1111 1369 1163 Stadt
1402 1110 1614 1162 Lubeck
1646 1110 1705 1161 11.
1745 1110 1859 1165 738.

445 1248 663 1316 *1887.
752 1248 934 1327 Kong
982 1248 1231 1313 Missus
1286 1249 1353 1310 af
1400 1248 1641 1326 Norge,
1702 1248 1949 1327 Sverige
2008 1266 2089 1327 og
2152 1250 2426 1313 Skaanes
2483 1249 2824 1313 Retterbod
2881 1265 2982 1311 om
3040 1246 3463 1311 udenlandske

184 1352 629 1415 Haandvaerkere
676 1368 755 1431 og
802 1350 1166 1431 Kjebmaend
1212 1352 1233 1411 i
1276 1349 1541 1428 Bergan.
1588 1384 1672 1395 -
1724 1350 2021 1433 Varberyi,
2070 1352 2411 1416 thiuannde
2471 1354 2589 1432 dag
2627 1351 2780 1434 julle
2825 1368 2900 1413 aa
2942 1351 3112 1414 fimta
3155 1366 3295 1412 aare
3343 1350 3464 1412 och

186 1455 493 1534 thuittugge
538 1456 750 1518 riickis
794 1470 993 1519 vaars.
3194 1452 3464 1529 (Norsk.)

756 1558 943 1623 Kayser
978 1568 1043 1621 og
1080 1554 1289 1615 munch,
1326 1555 1522 1619 norges
1558 1550 1730 1619 gamle
1764 1554 1903 1606 Love
1939 1555 2021 1607 111.
2059 1554 2311 1611 163-64.

448 1692 669 1759 *1888.
759 1692 1055 1756 Hsnairus
1092 1693 1307 1756 dictus
1356 1676 1591 1770 Swoar,
1636 1690 1945 1757 Nlcnoms
1985 1693 2152 1755 ΒΑΜ,
2199 1701 2260 1755 et
2304 1693 2429 1756 duo
2477 1692 2578 1755 alii
2625 1692 2962 1773 declarant,
3011 1710 3078 1754 se
3127 1710 3198 1753 ex
3245 1692 3464 1753 litteris

186 1794 518 1859 waldemari
562 1798 731 1875 regis
780 1796 1026 1859 Petrum
1071 1794 1480 1858 Waendelboo
1525 1796 1588 1856 in
1636 1795 2020 1875 corporalem
2075 1798 2549 1875 possessionem
2597 1795 2905 1857 bonorum
2964 1796 3026 1856 in
3072 1795 3464 1874 Karraethorp

182 1898 231 1957 in
266 1898 743 1978 Hymmoersyzael
800 1899 1093 1977 sitorum,
1154 1900 1211 1959 ei
1266 1892 1547 1975 legaliter
1602 1902 1985 1961 scutatorum
2042 1903 2104 1959 et
2149 1898 2675 1977 adjudicatorum,
2735 1898 3173 1983 introduxisse.
3221 1932 3303 1943 —
3350 1897 3464 1959 Die

182 2002 573 2065 conversionis
618 2020 671 2064 s.
717 2003 910 2065 Pauli.

754 2104 813 2157 Η.
846 2105 1063 2163 ltatzen,
1097 2102 1209 2154 Den
1246 2101 1445 2155 danske
1479 2102 1746 2155 Panterets
1781 2102 1912 2155 fflst.
1950 2103 2003 2155 S.
2031 2103 2285 2159 463—64

446 2239 666 2307 *1889.
757 2241 1029 2305 Causas
1046 2239 1253 2315 (Vltus)
1268 2256 1428 2320 papa
1437 2238 1713 2303 Mattheo
1729 2238 1893 2302 Petri
1910 2243 2343 2303 canonicatum
2359 2237 2864 2319 Roskildensem‚
2882 2257 2994 2320 per
3006 2242 3460 2319 promotionem

181 2341 312 2403 Petri
344 2342 418 2405 ad
450 2344 993 2424 archiepiscopum
1021 2343 1415 2406 Lundensem
1454 2342 1617 2421 apud
1654 2342 1864 2405 sedem
1896 2344 2301 2424 apostolicam
2329 2348 2670 2423 vacantem,
2707 2343 3205 2405 consideratione
3229 2340 3460 2421 Magni,

182 2448 318 2522 regis
358 2446 589 2509 Swetioe
636 2454 701 2508 et
741 2428 1113 2525 Norwegiae‚
1172 2445 1445 2521 confert,
1506 2460 1876 2522 quamquam
1932 2446 2354 2525 parochialem
2399 2446 2729 2508 ecclesiam
2775 2445 3066 2523 Brundby
3112 2444 3462 2507 Lundensis

181 2547 417 2611 diocesis
450 2557 513 2611 et
544 2556 909 2629 perpetuam
943 2550 1229 2611 vicariam
1265 2549 1326 2608 in
1363 2547 1632 2609 ecclesia
1654 2547 1971 2610 Lundensi
2008 2548 2305 2611 obtineat.
2330 2582 2414 2593 —-
2441 2550 2748 2629 avinione,
2790 2547 2943 2609 vul.
2973 2546 3112 2610 idus
3147 2546 3460 2627 Februar.‚

181 2651 540 2727 pontificatus
585 2653 785 2713 nostri
829 2669 994 2713 anno
1042 2650 1343 2714 secundo.

755 2754 829 2818 Ny
861 2753 1129 2806 kukehlst.
1166 2752 1461 2817 samunger
1494 2751 1578 2803 iv.
1612 2751 1865 2806 561-62.

448 2888 669 2956 ’1890.
761 2892 1033 2953 cusanus
1101 2889 1309 2964 (Vltus)
1375 2904 1537 2970 papa
1615 2890 2090 2969 archiepiscopo
2159 2889 2476 2951 Lundensi
2544 2897 2605 2953 et
2669 2890 2906 2951 decano
2974 2895 3035 2952 et
3097 2887 3459 2951 Benechino

180 2992 737 3056 Henrici‘canonico
772 2994 1055 3055 ecclesiae
1091 2992 1443 3055 Lundensis
1482 2991 1754 3070 mandat,
1792 2999 1859 3053 ut
1890 2992 2235 3056 Mattheum
2269 2992 2432 3053 Petri
2465 2995 2526 3054 in
2565 2993 3035 3073 possessionem
3071 2991 3458 3069 corporalem

178 3097 551 3159 canonicatus
597 3095 1033 3158 Roskildensis
1076 3096 1353 3157 vacantis
1398 3094 1714 3157 inducant.
1762 3128 1843 3143 --
1887 3095 2214 3175 Avinione,
2276 3093 2430 3157 Vlll.
2488 3095 2628 3160 idus
2673 3093 2999 3173 Februar.,
3060 3092 3457 3173 pontificatus

177 3198 350 3259 nostri
390 3215 553 3261 anno
599 3196 900 3261 secundo.

754 3300 829 3365 Ny
862 3299 1131 3352 kirkehlst.
1168 3298 1463 3364 Samltnger
1497 3298 1577 3349 Ν.
1612 3298 1728 3353 563.

446 3436 664 3502 *1891.
754 3437 1159 3509 anousaous
1236 3437 1554 3501 nonnum
1634 3436 1813 3499 miles
1894 3438 2327 3516 recognoscit,
2410 3437 2719 3499 secundas
2799 3436 2964 3497 mille
3043 3452 3283 3497 marcas
3342 3453 3456 3515 pro

3588 614 3773 681 1344.

3534 803 3580 856 7.
3617 804 3830 855 Januar.

3535 1248 3616 1303 13.
3653 1250 3866 1304 Ianuar·

3537 1694 3620 1748 25.
3658 1696 3870 1748 Ianuar.

3532 2242 3580 2296 6.
3620 2241 3764 2293 Febr.

3527 2890 3578 2945 6.
3617 2890 3762 2942 Febr.

3528 3436 3609 3490 10.
3647 3436 3792 3487 Febr.

176 3537 567 3620 redemptione
608 3541 797 3603 castri
833 3538 1223 3602 Swauestede
1260 3538 1588 3601 solvendas
1625 3538 1919 3602 Woldero
1956 3539 2144 3602 Bocle
2181 3557 2299 3603 suo
2337 3541 2589 3602 nomine
2627 3540 2702 3601 ab
2739 3540 3038 3619 episcopo
3066 3539 3457 3601 sleswicensi
3525 3572 3538 3585 ·

176 3658 301 3704 esse
339 3643 704 3722 persolutas.
752 3674 834 3687 --
877 3642 1095 3703 Coram
1137 3640 1471 3703 constamus
1517 3642 2019 3721 (Lubicemibm),
2067 3642 2410 3705 Scolastice
2456 3643 2731 3718 virginis.

755 3744 1092 3797 urkundenb.
1130 3744 1179 3795 d.
1218 3744 1367 3797 stadt
1399 3743 1615 3797 Lubeck
1647 3744 1707 3795 ll.
1744 3744 1859 3798 739.

446 3864 665 3930 *1892
754 3865 1214 3941 W(Ar.ntn.mus)
1282 3864 1598 3927 Danorum
1670 3865 2158 3941 Sclauorumque
2226 3879 2332 3925 rex
2398 3864 2700 3943 declarat,
2780 3863 3025 3926 Petrum
3093 3862 3459 3925 Waendelbo

178 3966 401 4029 militem
444 3969 506 4029 in
557 3967 785 4048 placito
833 3982 950 4029 suo
998 3969 1334 4047 justitiario
1381 3966 1650 4030 Iohanni
1696 3966 1855 4027 Kaas
1916 3965 2037 4029 188
2094 3982 2334 4026 marcas
2392 3966 2782 4028 denariorum
2842 3982 3245 4046 cumeorum,
3304 3980 3458 4043 quas

177 4068 423 4131 Andreas
478 4072 847 4149 Augysson,
906 4071 1007 4134 cui
1062 4069 1265 4133 dictus
1324 4069 1541 4133 Petrus
1600 4070 1761 4132 hanc
1821 4084 2125 4131 summam
2190 4068 2431 4148 debuit,
2501 4069 2666 4130 dieto
2723 4069 2992 4130 Iohanni
3049 4066 3457 4130 sublevandas

176 4169 493 4251 dimiserat,
554 4178 617 4235 et
675 4170 754 4236 12
800 4187 1041 4234 marcas
1098 4174 1235 4249 puri
1292 4174 1564 4251 argenti,
1622 4187 1737 4251 pro
1799 4171 2024 4249 quibus
2077 4171 2244 4233 bona
2298 4174 2362 4232 in
2409 4171 2715 4251 Karthorp
2775 4173 2890 4232 sita
2947 4172 3148 4234 eidem
3191 4169 3458 4232 Johanni

178 4274 558 4353 impignorata
600 4282 797 4354 erant,
844 4273 1221 4337 exhibuisse.
1278 4311 1343 4318 -
1394 4273 1661 4336 Sabbato
1706 4290 1879 4353 prox.
1928 4277 2073 4353 post
2118 4273 2280 4336 diem
2328 4274 2640 4337 Cinerum.

757 4379 815 4428 fl.
844 4376 1058 4435 manen,
1096 4375 1202 4427 Den
1244 4375 1441 4427 danske
1479 4376 1745 4427 Panterets
1781 4375 1909 4427 illst.
1950 4376 1999 4426 S.
2030 4374 2148 4429 464.

450 4496 667 4562 *1893
757 4496 1205 4559 Testimonium
1255 4512 1485 4558 ruem
1524 4512 1839 4558 etaemus
1879 4496 2300 4557 Wiaancansis
2348 4495 2424 4558 de
2471 4495 2844 4557 exhibitione
2878 4494 3040 4556 Petri
3077 4493 3459 4574 Waendelho,

178 4598 463 4674 quondam
517 4602 681 4677 regis
740 4598 1057 4660 Danorum
1115 4597 1405 4678 dapiferi,
1472 4598 1804 4660 earundem
1864 4600 2302 4678 pecuniarum,
2372 4598 2448 4661 de
2516 4598 2741 4677 quibus
2808 4598 3021 4659 litterae
3088 4595 3464 4659 Waldemari

178 4702 327 4777 regis
368 4702 581 4765 eadem
628 4702 725 4763 die
772 4702 927 4763 datae
974 4700 1107 4776 (cfr.
1154 4717 1247 4762 nr.
1285 4700 1503 4777 *1892)
1547 4709 1757 4777 agunt.
1805 4736 1888 4745 —
1936 4700 2202 4763 Sabbato
2247 4719 2420 4782 prox.
2467 4708 2614 4781 post
2657 4700 2818 4762 diem
2865 4701 3177 4763 Cinerum.

758 4804 817 4855 Η.
851 4804 1063 4863 Matzen,
1104 4802 1208 4854 Den
1249 4802 1445 4855 danske
1480 4804 1746 4855 Panterets
1784 4804 1915 4855 illst.
1952 4806 2004 4854 S.
2036 4802 2289 4859 464—65.

458 4923 671 4987 *1894
761 4924 1047 4987 Tanorro
1071 4923 1347 5003 Persas»,
1385 4926 1745 5004 capitaneus
1785 4925 1973 4986 castri
1997 4924 2518 5001 Falkenbaerghis‚
2555 4923 2870 5003 Tykonem
2908 4922 3136 4985 dictum
3161 4920 3460 4997 Ysbaergh

178 5039 279 5102 pro
321 5028 796 5105 computatione,
843 5025 1310 5103 Wordboerghis
1356 5044 1431 5089 ex
1477 5042 1591 5088 sua
1633 5032 1806 5105 parte
1853 5026 2079 5104 habita,
2129 5027 2366 5104 quittat.
2417 5058 2496 5071 --
2543 5026 2870 5087 Dominica
2916 5024 3360 5087 Reminiscere.

759 5128 891 5193 Dlpl.
928 5128 1165 5189 §vocam
1203 5128 1282 5180 ed.
1319 5130 1376 5180 B.
1405 5128 1460 5179 E.
1491 5126 1808 5179 Hildebrand
1841 5128 1901 5179 V.
1936 5128 2053 5182 243.
2204 5137 2212 5145 ·

2953 5242 3052 5298 34.

3528 3864 3609 3918 21.
3650 3863 3798 3919 Febr.

3530 4494 3612 4549 21.
3652 4495 3803 4550 Febr·

3531 4922 3615 4975 29.
3653 4922 3800 4975 Febr.
