4275 5759
776 374 875 446 80
1998 367 2212 444 Kone
2265 365 2454 442 me
2500 363 2860 442 Gnffrmo.

468 521 653 590 1265.

335 643 415 698 13.
463 643 707 709 Augusti.
1124 641 1299 708 *421.
1386 642 1755 708 Muenna
1798 643 2115 707 Danorum
2145 641 2630 722 sclavorumque
2675 641 2892 720 regina
2933 641 3274 715 Odewardo
3319 640 3395 706 de
3439 641 3664 724 Looth,
3709 640 4084 704 Heidenrico

778 747 853 810 de
878 745 1361 810 Bechschovede
1388 752 1449 806 et
1470 745 1739 808 Henrico
1764 750 1826 807 et
1848 745 2200 824 Eggeberto
2225 745 2493 824 mandat,
2541 750 2608 809 ut
2645 761 2786 806 cum
2823 745 3146 826 capitaneo
3181 742 3534 809 Revaiiensi
3574 751 3636 806 et
3667 745 3805 812 aliis
3839 743 4085 808 vasallis

774 851 940 925 regis
1007 853 1203 912 metas
1270 854 1331 909 et
1397 848 1795 912 limitationes
1817 893 1835 926 ‚
1902 847 1977 912 ab
2014 846 2430 932 ‚waldemaro
2499 863 2644 926 rege
2713 846 3026 925 quondam
3082 847 3398 910 Danorum
3465 855 3672 910 castro
3731 853 3794 908 et
3858 847 4087 911 civitati

773 951 1125 1013 Revaliensi
1170 952 1543 1028 assignatas,
1592 950 1967 1026 investigent
2012 957 2073 1011 et
2117 948 2508 1011 confirment.
2561 982 2635 994 —-
2685 947 2998 1024 Roslcc‘ldis,
3051 949 3253 1012 idibus
3300 951 3582 1026 Augusti.

1383 1051 1587 1114 Bunge,
1634 1051 1800 1110 Ltv.-,
1846 1051 2023 1104 Esth.-
2072 1065 2123 1101 u.
2161 1051 2569 1104 Curiandischeo
2613 1049 2950 1110 Urkundenh.
2987 1051 3024 1104 l.
3061 1050 3178 1110 493.
3259 1051 3464 1117 Sango,
3519 1050 3735 1114 Quellen
3781 1049 3816 1100 d
3867 1047 4088 1101 Revaler

1383 1136 1705 1188 Stadtrecbts
1742 1136 1803 1187 11.
1840 1137 2059 1191 91—92.
2131 1137 2322 1202 Regest
2356 1137 2484 1190 ester
2521 1135 2820 1200 Originalen
2858 1140 2875 1187 t
2912 1138 3146 1202 beitrage
3181 1150 3274 1188 zur
3323 1137 3508 1192 Runde
3541 1137 3746 1196 Ebst.·,
3801 1135 3942 1187 mv.-
3975 1135 4090 1186 und

1382 1221 1640 1274 Knrlands
1677 1221 1737 1282 11,
1774 1221 1822 1276 2.
1862 1223 1913 1274 S.
1952 1222 2067 1277 175.

1120 1325 1296 1391 *422
1386 1325 1764 1389 Mancinum
1833 1326 2153 1389 Danorum
2224 1327 2666 1405 slavorumque
2746 1329 2980 1406 reginae
3047 1326 3122 1389 ad
3191 1327 3580 1408 capitaneum
3651 1323 4084 1387 Revaliensem

774 1435 1145 1507 ceterosque
1193 1426 1503 1491 Revaliam
1558 1427 1976 1491 inhabitantes
2034 1429 2249 1491 litteroe
2308 1427 2383 1491 de
2440 1434 2692 1491 moneta
2750 1436 2813 1492 et
2854 1429 3131 1509 pondere
3178 1427 3548 1492 Revaiiensi.
3618 1463 3702 1474 —
3767 1426 4082 1503 Roslcildis,

775 1531 979 1594 idibus
1026 1532 1309 1609 Augusti.
1754 1545 1765 1555 ·

1382 1631 1779 1696 Mittheilungen
1818 1645 1914 1683 aus
1952 1632 2002 1682 d.
2032 1632 2396 1693 Gesch.Liv.-,
2435 1632 2612 1684 Esth.-
2650 1631 2981 1684 u.Kur1ands
3018 1631 3098 1683 lv.
3134 1631 3421 1687 401—402.
3477 1634 3672 1698 Bunge,
3711 1632 3868 1694 Liv.-,
3907 1631 4086 1684 nath.-

1382 1731 1433 1768 u.
1482 1717 1891 1770 Curiandlsches
1938 1719 2277 1787 urkundenb.
2324 1719 2360 1769 1.
2405 1717 2522 1771 494.
2612 1718 2820 1783 Bunge,
2876 1719 3094 1782 Quenen
3152 1720 3200 1771 d.
3251 1719 3468 1772 Revaier
3524 1719 3849 1771 Stadtrechts
3895 1719 3954 1770 Π.
4001 1719 4088 1772 92.

1329 1882 1335 1888 .
1380 1803 1573 1869 aegest
1626 1804 1754 1856 ester
1807 1804 2109 1869 Originalon
2153 1807 2172 1856 ι
2224 1804 2460 1869 nomaso
2513 1817 2606 1856 zur
2661 1803 2846 1858 liunde
2899 1804 3104 1866 Estne,
3155 1805 3296 1857 Lim·
3349 1805 3462 1862 und
3511 1804 3771 1857 Kurhnds
3807 1803 3880 1864 Π,
3935 1805 3986 1858 2.
4033 1805 4088 1856 S.

1383 1889 1637 1944 175-76.

364 1997 446 2053 31.
484 1997 665 2049 Decbr.
1116 1991 1295 2057 1125,
1388 1991 1609 2045 Oversat
1642 2005 1740 2058 paa
1776 1991 1949 2045 Dansk
1986 1995 2003 2042 t
2040 1991 2284 2044 Vidensk.
2324 1991 2490 2044 Selsk.
2529 1991 2643 2046 Skr.
2681 1993 2737 2044 V.
2774 1993 2966 2048 Eme
2999 1993 3284 2059 nist-pm
3321 1993 3442 2050 Md.
3475 1992 3554 2044 IV.
3590 1991 3708 2047 343.

1112 2094 1279 2160 1126
1326 2112 1393 2158 se
1439 2093 1615 2160 *438.

1114 2213 1297 2280 1127,
1384 2214 1502 2266 Udt.
1538 2217 1557 2265 1
1592 2214 1927 2280 programma
1960 2213 2158 2267 sebolae
2193 2213 2520 2268 Horlovianae
2555 2213 2691 2272 1784
2725 2215 2777 2267 8.
2815 2214 3066 2271 131-82.

336 1329 415 1384 13.
462 1330 700 1394 Augusti.

374 2425 443 2487 c,
499 2423 681 2489 1265.
2223 2425 2308 2508 Ο.
2383 2425 2632 2508 1265.

773 2575 926 2640 ‘423
958 2577 1056 2648 (---
1086 2573 1291 2642 1219).
1380 2579 1507 2634 For
1548 2574 1925 2650 Hwittanger
1966 2579 2085 2633 laes
2129 2573 2420 2652 Hwitting
2463 2575 2721 2638 hoeretb.

1383 2676 1440 2727 Ο.
1478 2675 1703 2736 Nieisen,
1743 2676 1977 2739 Samling
2015 2675 2069 2726 ar
2099 2674 2410 2728 Adkomster
2446 2690 2492 2727 o.
2531 2691 2572 2728 s.
2610 2691 2655 2728 v.
2695 2677 2775 2730 tor
2811 2676 2940 2729 Ribe
2975 2676 3298 2742 Domkapitel
3335 2678 3385 2729 S.
3422 2677 3506 2732 31.
3598 2676 3782 2736 Klncb,
3822 2675 3950 2727 Bibe
3991 2677 4092 2742 Bys

1380 2761 1508 2814 nist.
1547 2762 1701 2814 tndtil
1737 2761 1961 2814 Reform.
2000 2761 2051 2812 S.
2090 2762 2157 2816 76
2194 2767 2426 2826 antager,
2465 2767 2519 2813 at
2553 2761 2901 2815 Dokumentet
2935 2777 2992 2814 er
3028 2763 3105 2814 fra
3141 2768 3372 2814 omtrent
3405 2762 3553 2817 1265.

464 3004 649 3073 1266.
2311 2989 2558 3076 1266.

407 3143 456 3197 9.
492 3143 702 3195 Ianuar.
1112 3139 1295 3206 1128.
1384 3139 1721 3192 Urkundenb.
1758 3139 1810 3192 d.
1848 3137 1997 3190 Stadt
2029 3138 2244 3190 Lfibeck
2275 3138 2314 3190 1.
2350 3137 2603 3194 967-68.
2687 3139 2892 3202 Bungo,
2940 3139 3107 3200 hirs.
3153 3139 3330 3192 Emi.-
3367 3153 3419 3190 u.
3457 3137 3706 3192 Curiano.
3741 3138 4091 3193 urkundenb.

1385 3225 1421 3276 1.
1458 3224 1712 3282 495-97.
1785 3223 2049 3290 Rydberg.
2104 3225 2325 3288 Sverges
2361 3224 2629 3276 Traktstor
2665 3222 2700 3274 1.
2737 3224 2991 3278 225—26.
3083 3224 3386 3288 Brudstykk.
3425 3227 3440 3275 Ι
3479 3225 3762 3286 sartorius,
3803 3224 3994 3276 Gesch.
4039 3225 4088 3276 d.

1380 3311 1568 3370 Ranae,
1607 3310 1685 3361 ed.
1722 3309 2059 3374 Lappenberg
2096 3309 2154 3359 11.
2193 3309 2277 3366 92,
2317 3312 2331 3358 i
2359 3309 2682 3390 ‘Kosegarten
2702 3347 2714 3370 ,
2753 3309 2825 3361 De
2861 3309 3252 3375 Gryphisvaldia
3287 3310 3475 3362 Hansae
3495 3309 3900 3361 Teutonicorum
3938 3313 4091 3360 socia

1383 3395 1433 3446 S.
1471 3394 1642 3449 9—10
1676 3407 1739 3458 og
1775 3396 1792 3444 1
1829 3393 2341 3458 Heklenburgisches
2377 3395 2712 3448 Urkundenb.
2753 3396 2810 3447 ΙΙ.
2847 3394 3102 3450 282-83.

398 3517 481 3573 18.
517 3519 699 3570 και-ιιι.
1126 3499 1297 3562 *424
1389 3499 1606 3560 Eamus
1669 3496 1791 3559 dux
1833 3496 2007 3558 Jucie
2056 3499 2481 3560 scotacionem
2542 3498 2849 3562 bonorum
2897 3501 2957 3560 in
3006 3497 3408 3578 Ravaenstorp
3454 3497 3530 3559 ab
3593 3498 3842 3559 domino
3891 3498 4090 3561 iwaro

770 3601 950 3664 Takae
1021 3618 1139 3662 sun
1195 3600 1270 3662 ad
1318 3601 1619 3677 Esgerum
1677 3601 2043 3680 episcopum
2100 3599 2444 3679 Ripensem
2504 3607 2566 3663 et
2621 3601 2950 3663 ecclesiam
2999 3601 3338 3679 Ripensem
3385 3601 3608 3662 factam
3666 3599 3945 3661 ratificat.
4015 3636 4078 3647 --

768 3703 1075 3782 Nyburqh,
1126 3705 1189 3764 in
1236 3704 1514 3784 proxima
1560 3703 1771 3780 quinta
1815 3702 1965 3764 feria
2010 3709 2152 3763 ante
2199 3701 2574 3764 dominicam
2619 3701 2988 3766 Palmamm.

1380 3805 1439 3856 0.
1475 3803 1701 3864 Nieisen,
1740 3804 1973 3867 Samling
2012 3804 2066 3855 af
2098 3804 2408 3855 Adkomster
2443 3817 2490 3854 o.
2527 3817 2570 3855 s.
2607 3819 2656 3856 v.
2693 3805 2774 3857 sor
2809 3805 2938 3858 Bibe
2973 3803 3298 3868 Domkspitel
3333 3805 3385 3855 S.
3423 3803 3638 3858 12-13.

449 3935 528 3990 13,
567 3934 699 3996 um,
1104 3923 1288 3991 1134‚
1382 3925 1585 3989 Bunge,
1641 3923 1809 3982 Liv.-‚
1866 3923 2039 3976 Estne
2077 3937 2129 3973 u.
2169 3923 2577 3976 Curiandisches
2621 3925 2957 3977 Urkundenb.
2995 3925 3028 3976 1.
3067 3925 3183 3978 500.
3258 3924 3461 3988 Bunge,
3519 3923 3734 3987 Quellen
3774 3925 3822 3975 d.
3859 3924 4090 3978 Revnler

1379 4009 1704 4062 Stadtrechts
1751 4009 1809 4062 11.
1856 4009 1937 4064 93.
2028 4009 2220 4074 Regest
2271 4009 2400 4061 efter
2445 4010 2742 4074 originales
2801 4013 2818 4061 1
2869 4011 3100 4074 Boiu-age
3153 4023 3248 4061 sur
3291 4010 3474 4062 Kunde
3519 4010 3720 4070 Ehst.-,
3776 4011 3916 4062 mv.-
3971 4012 4090 4064 und

1379 4095 1639 4148 Kurlands
1675 4094 1735 4154 ΙΙ,
1772 4096 1821 4150 2.
1860 4097 1913 4147 S.
1951 4095 2067 4150 176.

433 4226 514 4280 16.
550 4225 693 4277 Julu.
1114 4217 1289 4284 ⁴425.
1382 4216 1671 4280 Bmcsaus
1708 4215 1829 4278 dux
1856 4216 2153 4278 Sveorum
2179 4216 2468 4278 fratribus
2493 4215 2568 4279 de
2595 4216 2781 4280 domo
2804 4215 3131 4295 hospitalis
3156 4215 3657 4294 lerosolymitani
3683 4217 3744 4278 S.
3773 4217 4090 4280 lobannis

768 4320 1049 4400 baptistae
1108 4323 1170 4382 in
1218 4321 1643 4382 Eskiistunum
1701 4320 1935 4382 curiam
1994 4335 2170 4381 suam
2217 4317 2478 4397 Kariaby
2533 4321 2596 4379 in
2653 4318 2892 4384 diocesi
2939 4319 3344 4396 Strengnensi
3407 4320 3669 4396 confert,
3737 4321 4086 4384 -existonte

768 4424 952 4484 fratre
1007 4423 1271 4486 finan-o
1338 4422 1504 4485 dicto
1572 4421 1647 4483 de
1702 4421 2089 4485 Hoonsuuirr
2160 4421 2362 4500 priore
2431 4421 2494 4482 in
2565 4423 3168 4487 Annmnrnaescoca.
3247 4457 3328 4467 —
3401 4422 3577 4499 Apud
3643 4421 4086 4502 Calvum-niam,

765 4525 944 4587 xvll.
993 4527 1107 4588 cal.
1157 4525 1439 4604 Augusti.

1374 4627 1709 4692 Lagerbring,
1747 4626 1880 4677 Svea
1914 4625 2069 4678 Rikes
2107 4596 2238 4677 nist„
2275 4625 2333 4678 ΙΙ.
2369 4623 2473 4680 485
2507 4625 2646 4690 (med
2679 4625 2870 4678 nat-n
2905 4625 3028 4678 xvi.
3065 4627 3162 4678 eal.
3183 4626 3438 4691 Augusti).
3492 4597 3769 4690 btuegren,
3809 4626 4086 4691 mplomn-

1374 4716 1571 4768 tarium
1605 4713 1822 4765 Svecan.
1842 4711 1879 4762 1.
1914 4711 2035 4766 435.

358 4833 408 4887 2.
455 4833 695 4896 Augusti.
1112 4815 1287 4882 *426.
1378 4818 1593 4896 Gumo,
1650 4815 1812 4880 tituli
1868 4816 2069 4878 sancti
2115 4816 2426 4878 Laurentii
2473 4818 2536 4877 in
2583 4817 2819 4882 Lucina
2863 4815 3184 4896 presbyter
3228 4815 3558 4880 cardinalis
3604 4822 3666 4878 et
3707 4818 4080 4894 apostolice

766 4918 935 4981 sedis
994 4919 1266 4998 legatus,
1336 4920 1635 4999 episcopo
1704 4923 1766 4980 et
1818 4918 2155 4998 praeposito
2211 4919 2690 4981 Zverinensibus
2747 4919 3028 4998 mandat,
3100 4925 3166 4980 ut
3228 4917 3510 4980 abbatem
3569 4924 3632 4982 et
3697 4929 4080 4982 conventum

764 5023 1125 5084 monasterii
1188 5022 1267 5084 de
1327 5021 1618 5084 Doboran
1648 5023 1737 5082 ‘in
1798 5019 2057 5101 pacifica
2109 5021 2520 5100 possessione
2577 5021 2986 5084 hereditatum
3045 5037 3294 5098 eorum,
3361 5021 3466 5099 qni
3528 5037 3742 5084 eorum
3789 5021 4080 5084 ordinem
