4275 5759
730 357 873 428 338
1836 349 2050 423 Kone
2106 349 2502 422 VALDEMAR
2561 354 2934 424 ATTERDAG

414 523 597 588 1363.

373 624 453 679 17-
489 627 649 678 Junn.
1028 623 1247 689 *2465.
1342 623 1628 687 Hsissucu
1675 626 1921 704 Wnrrs,
1968 627 2189 688 forhen
2242 627 2480 704 Borger
2509 629 2544 687 -ἰ
2593 626 2902 702 Rostovk,
2951 627 3240 688 kvitterer
3287 625 3522 688 Raadet
3567 629 3585 687 i
3634 627 3912 690 Rostock
3965 630 4072 690 for

720 727 1107 804 Modtagelse
1162 729 1229 790 af
1269 728 1412 791 Sold
1472 729 1568 790 sor
1611 728 1904 808 Tjeneste
1959 730 1978 788 i
2028 729 2255 804 Krigen
2315 729 2457 790 mod
2510 729 2686 804 Kong
2737 728 3060 790 valdemar
3117 731 3183 790 al*
3222 729 3568 805 Danmark;
3631 729 3754 806 dog
3812 731 4071 792 minder-

722 831 845 891 han
890 829 992 892 det
1038 847 1141 892 om
1186 829 1323 892 dets
1372 829 1776 909 Forpli'gtelse
1833 832 1901 891 til
1961 839 2023 892 at
2078 832 2299 894 udlese
2359 833 2498 892 ham
2557 832 2624 892 af
2663 831 2821 892 hans
2868 831 3296 908 Fangensk'ab.
3345 867 3428 876 —
3473 831 3745 912 Rostock,
3794 833 4067 895 sabbato

723 939 869 1012 post
916 934 1033 993 viti
1076 933 1367 994 martiris,
3811 933 4068 1016 (Latin.)

1336 1035 1644 1099 Brudstykk.
1683 1048 1746 1100 og
1782 1035 1899 1087 Udt.
1938 1039 1954 1086 l
1993 1035 2145 1100 tydsk
2180 1037 2359 1088 Overs.
2398 1040 2416 1087 l
2451 1036 2834 1088 Hausereeesse
2871 1035 2908 1085 1.
2943 1035 3199 1090 267-68.

371 1175 456 1230 24.
493 1176 651 1227 Junll.
1054 1171 1245 1236 2512,
1337 1172 1717 1223 Hauserccesse
1752 1171 1787 1222 1.
1825 1171 2079 1232 232-38.
2157 1173 2462 1237 Brudstykk.
2499 1176 2518 1224 1
2557 1175 2752 1237 Bunge,
2791 1172 2948 1231 le.-,
2985 1173 3160 1224 Esth.-
3189 1185 3242 1223 u.
3271 1172 3682 1226 Curiandlsehes
3709 1173 4060 1226 urkundenb.

1337 1257 1396 1309 11.
1436 1257 1688 1311 709-10.

370 1400 455 1454 27.
492 1400 653 1451 suun.
1028 1393 1247 1458 *2466.
1338 1395 1581 1456 Litterae
1631 1395 1850 1457 UnsAm
1898 1395 2036 1477 (Vti)
2094 1414 2269 1476 papoe
2327 1397 2400 1458 ad
2451 1395 2913 1458 Woldemarum
2974 1414 3182 1473 regem
3229 1395 3436 1457 Dacioe
3493 1395 3570 1458 de
3619 1397 3856 1460 decima
3903 1415 4064 1476 pro-

724 1503 1017 1559 ventuum
1054 1497 1620 1559 ecclesiasticorum
1661 1501 1796 1577 ejus
1832 1491 2008 1576 regni
2048 1516 2162 1578 pro
2199 1497 2640 1580 supportandis
2677 1499 2972 1560 oneribus
3007 1497 3154 1560 belli
3191 1497 3474 1561 ecclesiae
3511 1517 3652 1562 cum
3687 1499 4066 1563 Bernabone

728 1599 804 1661 de
852 1599 1367 1676 vicecomitibuS,
1430 1601 1561 1662 cive
1607 1601 2093 1680 Mediolanensi,
2152 1605 2312 1678 gesti
2361 1619 2559 1680 usque
2608 1602 2685 1662 ad
2741 1608 2870 1662 tres
2919 1617 3120 1662 annos
3168 1603 3565 1681 imponenda.
3615 1638 3697 1648 —
3741 1603 4064 1681 Avinione,

728 1702 800 1762 V.
851 1702 968 1763 kal.
1016 1701 1182 1782 sulii,
1232 1702 1629 1781 pontificatus
1676 1705 1875 1765 nostri
1920 1720 2085 1765 anno
2131 1704 2355 1782 primo.
2489 1775 2494 1780 ,

1341 1801 1675 1868 Diplomatar.
1713 1805 1929 1869 Norveg.
1970 1805 2048 1856 vl.
2083 1805 2202 1860 300.
2369 1796 2372 1801 ’

429 1952 476 2004 1.
511 1951 654 2002 sulti.
1032 1939 1252 2005 *2467.
1344 1941 1595 2006 Nicotu
1643 1943 1838 2006 Woau
1886 1943 2098 2005 famuli
2145 1944 2482 2021 quittancia
2525 1943 2892 2006 consulibus
2951 1944 3012 2003 in
3064 1942 3380 2006 Rozstoch
3439 1945 3582 2006 data
3636 1961 3750 2026 pro
3807 1946 4067 2010 sallario

724 2045 787 2104 in
834 2043 997 2105 bello
1046 2060 1189 2106 eum
1238 2044 1663 2125 waldemaro,
1720 2046 2037 2108 Danorum
2088 2065 2266 2124 rege,
2329 2045 2658 2110 deservite.
2707 2081 2788 2091 —
2834 2046 3144 2125 Rozstock,
3205 2047 3270 2107 in
3313 2047 3412 2108 die
3459 2053 3678 2110 octavo
3725 2049 4068 2111 nativitatis

723 2146 786 2208 h.
834 2146 1139 2209 lobannis
1184 2146 1475 2227 baptiste.

1338 2249 1723 2302 Hausereeesse
1757 2250 1793 2301 1.
1830 2249 1948 2304 268.

428 2397 477 2450 2.
513 2396 662 2449 sum.
1034 2383 1251 2488 *246s
1342 2387 1587 2449 Litterae
1621 2405 1922 2452 consumit
1958 2405 2268 2452 crvirnun
2291 2389 2806 2468 Esussnicsnun,
2844 2392 3006 2452 inter
3030 2407 3188 2468 quos
3213 2390 3289 2451 de
3315 2389 3645 2452 Gotlandia
3661 2390 4070 2452 Hermannus

728 2490 972 2552 Yborch
1034 2495 1095 2550 et
1152 2488 1517 2552 Lambertus
1574 2490 1650 2552 de
1706 2491 2059 2572 Munstere,
2123 2491 2350 2570 quibus
2407 2491 2755 2570 declarant,
2814 2490 3132 2573 privilegia
3187 2493 3576 2554 Hanseaticis
3633 2510 3672 2554 a
3725 2493 4068 2570 Flamingis

726 2592 867 2654 data
902 2592 1269 2691 consulibus
1308 2593 1384 2653 de
1420 2593 1641 2656 Prucia
1676 2594 1899 2656 tradita
1933 2611 2095 2656 esse.
2126 2629 2206 2639 -—
2232 2593 2480 2674 Lubelce,
2522 2595 2836 2658 dominica
2872 2603 3015 2675 post
3050 2603 3300 2657 octavas
3335 2612 3389 2657 s.
3427 2595 3734 2657 Iohannis
3769 2596 4068 2674 baptiste.

1344 2695 1685 2748 urkundenb.
1720 2696 1773 2746 d.
1811 2697 1963 2750 Stadt
1995 2696 2210 2748 Luheek
2243 2695 2328 2748 111.
2364 2695 2620 2751 496-97.
2692 2697 3075 2758 Hansereeesse
3110 2697 3146 2750 l.
3183 2697 3441 2751 238-39.

418 2841 502 2898 13.
538 2841 624 2894 vel
1035 2833 1253 2899 *2469.
1345 2835 1751 2906 Msnouinous
1800 2836 2065 2899 Suanos
2123 2836 2328 2898 dictus
2381 2835 2456 2896 de
2503 2835 2762 2915 Burrus,
2825 2835 3179 2898 Lunotpnus
3227 2837 3578 2914 Semnum,
3633 2836 3883 2914 milites,
3942 2853 4072 2898 nec

384 2911 475 2988 ²⁰·
513 2911 654 2961 ΜΠ·
728 2955 855 3000 non
891 2938 1249 3001 Luootrnus
1282 2937 1657 3014 Bacuenses,
1705 2937 1859 2999 alias
1894 2940 2254 3000 nominatus
2290 2937 2368 3000 de
2405 2939 2755 3016 Semnum,
2800 2937 3093 3014 ramulus,
3143 2944 3509 3000 executores
3544 2944 4070 3000 testamentorum

726 3039 1103 3120 Marquardi,
1152 3039 1467 3120 Rodolphi
1513 3046 1575 3102 et
1618 3041 1921 3102 Hardwici
1964 3040 2296 3115 Schinkell,
2351 3040 2632 3102 ecclesiae
2670 3041 3060 3102 Sleswicensi
3107 3056 3222 3118 pro
3268 3046 3570 3120 perpetua
3613 3040 3836 3102 vicaria
3879 3043 3942 3101 in
3997 3057 4076 3102 ea

727 3142 1015 3205 habenda
1036 3149 1235 3205 terras
1260 3141 1557 3221 quasdam
1597 3145 1658 3204 in
1694 3144 1835 3205 villa
1860 3143 2306 3220 Warleborgen
2346 3145 2422 3204 in
2435 3143 2730 3222 parochia
2755 3145 3052 3224 Gettorpe
3089 3143 3326 3206 dotant.
3365 3178 3446 3188 --
3481 3143 3595 3204 Die
3632 3143 3692 3204 h.
3719 3143 4072 3220 Margarete

726 3247 981 3322 virginis
1027 3251 1089 3306 et
1133 3246 1422 3306 martiris.
1742 3283 1749 3290 ·

1344 3348 1615 3408 Stsmann,
1646 3346 1960 3400 Gesehlchte
1987 3348 2035 3399 d.
2065 3347 2403 3400 offentllchen
2439 3364 2487 3398 u.
2519 3347 2715 3400 Privat-
2720 3349 2911 3400 Rechts
2939 3348 2987 3400 d.
3007 3348 3388 3410 Herzogthums
3408 3347 3694 3412 Schleswtg
3725 3347 3808 3398 ΙΙΙ.
3837 3347 4065 3400 20-22.

399 3491 479 3545 18.
516 3493 657 3544 sunl.
962 3471 969 3476 ’
1040 3484 1257 3548 ’2470.
1348 3485 1829 3564 8τΑυιιιεκουοιι,
1877 3487 2077 3564 miles,
2126 3502 2380 3548 morans
2416 3486 2476 3546 in
2517 3494 2680 3548 terra
2713 3485 3024 3566 Lalandie,
3073 3487 3494 3565 recognoscit,
3543 3503 3610 3547 se
3645 3485 4070 3548 Hennikinum

736 3587 979 3664 Voghet
1002 3603 1115 3665 pro
1151 3595 1293 3650 octo
1323 3588 1549 3650 marcis
1586 3593 1647 3648 et
1681 3587 1953 3668 dimidia,
1993 3591 2214 3669 partim
2253 3589 2498 3666 solutis,
2535 3591 2756 3668 partim
2794 3588 3130 3705 solvendis,
3171 3607 3204 3649 e
3240 3590 3590 3669 captivitate
3613 3589 3952 3650 dimisisse.
3987 3621 4072 3632 -

736 3690 955 3752 'l'ercia
998 3691 1153 3751 feria
1195 3698 1337 3752 ante
1382 3691 1613 3752 festum
1662 3691 1721 3752 b.
1768 3691 1961 3754 Marie
2006 3690 2396 3769 Magdalene.

1347 3791 1687 3880 urkundenb.
1728 3792 1777 3844 d.
1816 3793 1965 3845 Stadt
1998 3793 2212 3846 Lubeek
2247 3793 2326 3845 lV.
2361 3792 2452 3848 89.

407 3939 487 3994 19.
525 3940 667 3992 Julll.
1044 3929 1262 3996 *2471.
1342 3929 1737 4010 anrnuus,
1799 3933 2135 4012 episcopus
2182 3931 2584 4008 Lubicensis,
2645 3931 2992 3993 iohannem
3051 3931 3127 3993 de
3173 3930 3346 3992 Helle
3405 3929 3735 4011 (rectorem
3782 3931 4070 3992 ecclesiae

738 4032 963 4114 Borby)
1011 4038 1265 4114 propter
1309 4035 1775 4115 corruptionem
1821 4034 2196 4112 litterarum,
2243 4035 2636 4096 violationem
2686 4034 2988 4112 privilegii
3037 4035 3403 4096 Luhicensis
3451 4033 3526 4095 de
3569 4049 3700 4095 non
3747 4035 4071 4096 evocando

738 4142 799 4198 et
843 4137 1278 4198 contumeliam
1340 4138 1403 4197 in
1468 4137 1765 4198 consules
1821 4138 2202 4213 relegatione
2259 4143 2560 4216 perpetua
2615 4155 2648 4199 e
2697 4136 2942 4198 Lubeke
2989 4137 3386 4199 condemnat.
3433 4169 3515 4182 —-
3561 4135 3636 4202 ln
3677 4135 3824 4197 aula
3867 4143 4071 4196 nostra

734 4238 1061 4330 episcopali
1098 4239 1427 4318 Labie-ensi,
1476 4239 1813 4302 indictione
1858 4241 2078 4320 prima,
2124 4240 2278 4302 feria
2325 4245 2542 4317 quarta
2584 4247 2732 4318 post
2774 4240 3000 4301 festum
3049 4239 3378 4302 diuisionis
3413 4240 3884 4319 Apostolorum,
3933 4256 4069 4316 quoe

737 4344 855 4406 fuit
898 4343 1179 4405 decimus
1226 4342 1324 4428 lX.
1374 4341 1507 4404 dies
1554 4343 1791 4404 mensis
1836 4343 2002 4404 Julii.

1351 4443 1689 4497 Urkundenh.
1729 4444 1778 4496 d.
1816 4444 1961 4496 stadt
1998 4443 2209 4532 Lubeck·
2245 4443 2326 4494 111.
2363 4443 2651 4498 500-503.

406 4591 492 4645 25.
528 4591 671 4643 lulli.
1076 4582 1263 4649 2513.
1355 4582 1737 4636 Hausereeesse
1771 4583 1809 4634 1.
1845 4581 2100 4638 240—44.

344 4727 391 4780 6.
432 4731 669 4794 Augusti.
1048 4720 1266 4785 *2472
1360 4721 1633 4784 Usamus
1680 4718 1865 4802 (vtus)
1914 4737 2073 4800 papa
2117 4719 2466 4782 Guidonem
2515 4719 2590 4781 de
2629 4720 2853 4798 Cruce,
2905 4726 3210 4782 rectorem
3260 4718 3542 4782 ecclesiae
3591 4737 3644 4781 s.
3685 4717 3946 4782 Andreoe
3997 4719 4075 4781 de

746 4827 1020 4887 Excesiis
1088 4823 1521 4904 Mirapicensis
1590 4823 1894 4902 diocesis,
1976 4823 2145 4885 sedis
2213 4825 2572 4904 apostolicis
2641 4823 2924 4885 nuntium
2992 4827 3178 4901 atque
3247 4823 3644 4885 collectorem
3711 4824 3774 4883 in
3839 4821 4075 4902 Daciae,

746 4930 992 4992 Sweciae
1052 4933 1113 4990 et
1168 4927 1507 5004 Norwegiae
1578 4924 1805 5004 regnis·
1855 4933 2026 4988 creat
2090 4943 2231 4988 cum
2301 4934 2607 5007 potestate
2670 4925 3161 4988 subcollectores
3217 4925 3577 5006 deputandi.
3624 4958 3706 4972 --
3756 4925 4076 5006 avinione,

744 5031 898 5092 Vlll.
949 5030 1089 5092 idus
1134 5031 1421 5107 Augusti,
1466 5027 1869 5108 pontificatus
1914 5031 2111 5091 nostri
2159 5045 2324 5092 anno
2370 5032 2591 5109 primo.

1359 5133 1693 5200 Dlplomatar.
1732 5134 1945 5197 Norveg.
1986 5132 2068 5184 lll.
2104 5132 2369 5194 262—63;
2409 5132 2488 5183 IV.
2523 5131 2641 5187 337.
