<?xml version="1.0" encoding="UTF-8"?>
<!DOCTYPE html PUBLIC "-//W3C//DTD XHTML 1.0 Transitional//EN"
    "http://www.w3.org/TR/xhtml1/DTD/xhtml1-transitional.dtd">
<html xmlns="http://www.w3.org/1999/xhtml" xml:lang="en" lang="en">
 <head>
  <title>
</title>
<meta http-equiv="Content-Type" content="text/html;charset=utf-8" />
  <meta name='ocr-system' content='tesseract 3.04.00' />
  <meta name='ocr-capabilities' content='ocr_page ocr_carea ocr_par ocr_line ocrx_word'/>
</head>
<body>
  <div class='ocr_page' id='page_1' title='image "./regestadiplomat00unkngoog_0238.png"; bbox 0 0 4275 5759; ppageno 0'>
   <div class='ocr_carea' id='block_1_1' title="bbox 435 536 701 694">
    <p class='ocr_par' dir='ltr' id='par_1_1' title="bbox 435 536 701 694">
     <span class='ocr_line' id='line_1_1' title="bbox 457 536 643 602; baseline -0.011 -1"><span class='ocrx_word' id='word_1_1' title='bbox 457 536 643 602; x_wconf 82' lang='lat'><strong>1325.</strong></span> 
     </span>
     <span class='ocr_line' id='line_1_2' title="bbox 435 640 701 694; baseline 0.004 -1"><span class='ocrx_word' id='word_1_2' title='bbox 435 640 519 693; x_wconf 82' lang='lat'><strong>29.</strong></span> <span class='ocrx_word' id='word_1_3' title='bbox 555 640 701 694; x_wconf 76' lang='lat' dir='ltr'>sum.</span> 
     </span>
    </p>
   </div>
   <div class='ocr_carea' id='block_1_2' title="bbox 339 1071 700 1134">
    <p class='ocr_par' dir='ltr' id='par_1_2' title="bbox 339 1071 700 1134">
     <span class='ocr_line' id='line_1_3' title="bbox 339 1071 700 1134; baseline 0.003 -14"><span class='ocrx_word' id='word_1_4' title='bbox 339 1071 420 1125; x_wconf 90' lang='lat'><strong>13.</strong></span> <span class='ocrx_word' id='word_1_5' title='bbox 459 1071 700 1134; x_wconf 78' lang='lat' dir='ltr'>Augusti.</span> 
     </span>
    </p>
   </div>
   <div class='ocr_carea' id='block_1_3' title="bbox 341 1188 700 1323">
    <p class='ocr_par' dir='ltr' id='par_1_3' title="bbox 341 1188 700 1323">
     <span class='ocr_line' id='line_1_4' title="bbox 423 1188 626 1243; baseline -0.02 0"><span class='ocrx_word' id='word_1_6' title='bbox 423 1190 504 1243; x_wconf 90' lang='lat'>15.</span> <span class='ocrx_word' id='word_1_7' title='bbox 542 1188 626 1240; x_wconf 80' lang='lat' dir='ltr'>vel</span> 
     </span>
     <span class='ocr_line' id='line_1_5' title="bbox 341 1258 700 1323; baseline -0.011 -11"><span class='ocrx_word' id='word_1_8' title='bbox 341 1258 423 1312; x_wconf 87' lang='grc'>16.</span> <span class='ocrx_word' id='word_1_9' title='bbox 459 1258 700 1323; x_wconf 76' lang='lat' dir='ltr'>Augusti.</span> 
     </span>
    </p>
   </div>
   <div class='ocr_carea' id='block_1_4' title="bbox 377 1877 705 2052">
    <p class='ocr_par' dir='ltr' id='par_1_4' title="bbox 377 1877 705 2052">
     <span class='ocr_line' id='line_1_6' title="bbox 377 1877 705 1946; baseline -0.006 -15"><span class='ocrx_word' id='word_1_10' title='bbox 377 1878 463 1931; x_wconf 83' lang='lat'><strong>29.</strong></span> <span class='ocrx_word' id='word_1_11' title='bbox 501 1877 705 1946; x_wconf 86' lang='lat' dir='ltr'>Septbr.</span> 
     </span>
     <span class='ocr_line' id='line_1_7' title="bbox 405 1996 705 2052; baseline -0.007 -3"><span class='ocrx_word' id='word_1_12' title='bbox 405 1996 457 2049; x_wconf 88' lang='grc'><strong>9.</strong></span> <span class='ocrx_word' id='word_1_13' title='bbox 495 1998 705 2052; x_wconf 73' lang='lat' dir='ltr'>Octobr.</span> 
     </span>
    </p>
   </div>
   <div class='ocr_carea' id='block_1_5' title="bbox 389 2424 702 2479">
    <p class='ocr_par' dir='ltr' id='par_1_5' title="bbox 389 2424 702 2479">
     <span class='ocr_line' id='line_1_8' title="bbox 389 2424 702 2479; baseline -0.013 0"><span class='ocrx_word' id='word_1_14' title='bbox 389 2424 476 2479; x_wconf 86' lang='lat'><strong>30.</strong></span> <span class='ocrx_word' id='word_1_15' title='bbox 516 2426 702 2475; x_wconf 80' lang='lat' dir='ltr'>Novbr.</span> 
     </span>
    </p>
   </div>
   <div class='ocr_carea' id='block_1_6' title="bbox 451 3008 660 3074">
    <p class='ocr_par' dir='ltr' id='par_1_6' title="bbox 451 3008 660 3074">
     <span class='ocr_line' id='line_1_9' title="bbox 451 3008 660 3074; baseline -0.019 0"><span class='ocrx_word' id='word_1_16' title='bbox 451 3008 660 3074; x_wconf 76' lang='lat'><strong>1325?</strong></span> 
     </span>
    </p>
   </div>
   <div class='ocr_carea' id='block_1_7' title="bbox 403 3950 711 4102">
    <p class='ocr_par' dir='ltr' id='par_1_7' title="bbox 403 3950 711 4102">
     <span class='ocr_line' id='line_1_10' title="bbox 403 3950 711 4016; baseline -0.016 0"><span class='ocrx_word' id='word_1_17' title='bbox 403 3950 573 4016; x_wconf 83' lang='lat'>1325</span> <span class='ocrx_word' id='word_1_18' title='bbox 614 3951 711 4012; x_wconf 80' lang='lat' dir='ltr'>vel</span> 
     </span>
     <span class='ocr_line' id='line_1_11' title="bbox 467 4037 650 4102; baseline -0.022 -1"><span class='ocrx_word' id='word_1_19' title='bbox 467 4037 650 4102; x_wconf 83' lang='grc'><strong>1326.</strong></span> 
     </span>
    </p>
   </div>
   <div class='ocr_carea' id='block_1_8' title="bbox 269 4593 744 4715">
    <p class='ocr_par' dir='ltr' id='par_1_8' title="bbox 269 4593 744 4715">
     <span class='ocr_line' id='line_1_12' title="bbox 269 4593 744 4715; baseline -0.004 -2"><span class='ocrx_word' id='word_1_20' title='bbox 269 4593 276 4603; x_wconf 23' lang='grc' dir='ltr'><strong><em>ι</em></strong></span> <span class='ocrx_word' id='word_1_21' title='bbox 349 4648 744 4715; x_wconf 85' lang='grc'><strong>1325-1334.</strong></span> 
     </span>
    </p>
   </div>
   <div class='ocr_carea' id='block_1_9' title="bbox 776 362 3079 441">
    <p class='ocr_par' dir='ltr' id='par_1_9' title="bbox 776 362 3079 441">
     <span class='ocr_line' id='line_1_13' title="bbox 776 362 3079 441; baseline -0.001 -1"><span class='ocrx_word' id='word_1_22' title='bbox 776 368 924 441; x_wconf 86' lang='grc'>204</span> <span class='ocrx_word' id='word_1_23' title='bbox 1813 365 2024 437; x_wconf 71' lang='lat' dir='ltr'>Kone</span> <span class='ocrx_word' id='word_1_24' title='bbox 2079 362 2566 437; x_wconf 74' lang='lat' dir='ltr'>Cflms&#39;rorrsss</span> <span class='ocrx_word' id='word_1_25' title='bbox 2620 386 2753 437; x_wconf 70' lang='lat' dir='ltr'>usu</span> <span class='ocrx_word' id='word_1_26' title='bbox 2810 368 3079 439; x_wconf 68' lang='lat' dir='ltr'>Auum.</span> 
     </span>
    </p>
   </div>
   <div class='ocr_carea' id='block_1_10' title="bbox 771 638 4102 1014">
    <p class='ocr_par' dir='ltr' id='par_1_10' title="bbox 771 638 4102 927">
     <span class='ocr_line' id='line_1_14' title="bbox 1077 638 4099 722; baseline 0.002 -17"><span class='ocrx_word' id='word_1_27' title='bbox 1077 638 1296 705; x_wconf 60' lang='lat'><strong>*1382</strong></span> <span class='ocrx_word' id='word_1_28' title='bbox 1389 640 1552 704; x_wconf 67' lang='lat' dir='ltr'>Orto</span> <span class='ocrx_word' id='word_1_29' title='bbox 1611 641 2008 703; x_wconf 62' lang='lat' dir='ltr'>Brlnmssou</span> <span class='ocrx_word' id='word_1_30' title='bbox 2065 642 2502 721; x_wconf 79' lang='lat' dir='ltr'><strong>recognoscit,</strong></span> <span class='ocrx_word' id='word_1_31' title='bbox 2564 658 2633 702; x_wconf 89' lang='lat' dir='ltr'>se</span> <span class='ocrx_word' id='word_1_32' title='bbox 2680 642 2886 704; x_wconf 80' lang='lat' dir='ltr'>curias</span> <span class='ocrx_word' id='word_1_33' title='bbox 2944 658 3092 705; x_wconf 87' lang='lat' dir='ltr'>suas</span> <span class='ocrx_word' id='word_1_34' title='bbox 3145 645 3209 705; x_wconf 86' lang='lat' dir='ltr'>in</span> <span class='ocrx_word' id='word_1_35' title='bbox 3254 642 3595 722; x_wconf 74' lang='lat' dir='ltr'>Fraeningoe</span> <span class='ocrx_word' id='word_1_36' title='bbox 3652 646 3806 707; x_wconf 85' lang='lat' dir='ltr'>sitas</span> <span class='ocrx_word' id='word_1_37' title='bbox 3854 648 4099 711; x_wconf 88' lang='lat' dir='ltr'>Gintero</span> 
     </span>
     <span class='ocr_line' id='line_1_15' title="bbox 771 743 4102 821; baseline 0.002 -15"><span class='ocrx_word' id='word_1_38' title='bbox 771 745 1125 808; x_wconf 84' lang='lat' dir='ltr'>Tomasson</span> <span class='ocrx_word' id='word_1_39' title='bbox 1169 743 1527 806; x_wconf 87' lang='lat' dir='ltr'>vendidisse</span> <span class='ocrx_word' id='word_1_40' title='bbox 1573 748 1638 805; x_wconf 88' lang='lat' dir='ltr'>et</span> <span class='ocrx_word' id='word_1_41' title='bbox 1681 745 1746 804; x_wconf 88' lang='lat' dir='ltr'>in</span> <span class='ocrx_word' id='word_1_42' title='bbox 1801 744 2030 821; x_wconf 85' lang='lat' dir='ltr'>placito</span> <span class='ocrx_word' id='word_1_43' title='bbox 2079 743 2475 805; x_wconf 83' lang='lat' dir='ltr'>Forsshirum</span> <span class='ocrx_word' id='word_1_44' title='bbox 2527 746 2613 818; x_wconf 75' lang='grc' dir='ltr'>(οε</span> <span class='ocrx_word' id='word_1_45' title='bbox 2662 745 2827 805; x_wconf 78' lang='lat' dir='ltr'>Faers</span> <span class='ocrx_word' id='word_1_46' title='bbox 2872 744 3130 821; x_wconf 84' lang='lat' dir='ltr'>Herred)</span> <span class='ocrx_word' id='word_1_47' title='bbox 3178 752 3485 809; x_wconf 78' lang='lat' dir='ltr'>scotasse.</span> <span class='ocrx_word' id='word_1_48' title='bbox 3538 782 3609 793; x_wconf 90' lang='lat'>—</span> <span class='ocrx_word' id='word_1_49' title='bbox 3659 748 3775 810; x_wconf 90' lang='lat' dir='ltr'>Die</span> <span class='ocrx_word' id='word_1_50' title='bbox 3822 750 3883 811; x_wconf 87' lang='lat' dir='ltr'><strong>b.</strong></span> <span class='ocrx_word' id='word_1_51' title='bbox 3934 750 4102 813; x_wconf 88' lang='lat' dir='ltr'>Olaui</span> 
     </span>
     <span class='ocr_line' id='line_1_16' title="bbox 773 848 1403 927; baseline -0.002 -18"><span class='ocrx_word' id='word_1_52' title='bbox 773 849 941 924; x_wconf 86' lang='lat' dir='ltr'>regis</span> <span class='ocrx_word' id='word_1_53' title='bbox 989 854 1050 909; x_wconf 90' lang='lat' dir='ltr'>et</span> <span class='ocrx_word' id='word_1_54' title='bbox 1093 848 1403 927; x_wconf 83' lang='lat' dir='ltr'>martyris.</span> 
     </span>
    </p>

    <p class='ocr_par' dir='ltr' id='par_1_11' title="bbox 1391 948 2722 1014">
     <span class='ocr_line' id='line_1_17' title="bbox 1391 948 2722 1014; baseline -0.001 -14"><span class='ocrx_word' id='word_1_55' title='bbox 1391 949 1523 1014; x_wconf 84' lang='lat' dir='ltr'>Dipl.</span> <span class='ocrx_word' id='word_1_56' title='bbox 1563 948 1800 1009; x_wconf 68' lang='lat' dir='ltr'>Sveean„</span> <span class='ocrx_word' id='word_1_57' title='bbox 1841 948 1920 1000; x_wconf 81' lang='lat' dir='ltr'>ed.</span> <span class='ocrx_word' id='word_1_58' title='bbox 1957 949 2013 999; x_wconf 87' lang='lat' dir='ltr'><strong>B.</strong></span> <span class='ocrx_word' id='word_1_59' title='bbox 2043 949 2100 999; x_wconf 87' lang='lat' dir='ltr'><strong>E.</strong></span> <span class='ocrx_word' id='word_1_60' title='bbox 2130 948 2452 1001; x_wconf 85' lang='lat' dir='ltr'>Hildebrand</span> <span class='ocrx_word' id='word_1_61' title='bbox 2485 949 2569 1000; x_wconf 87' lang='lat'><strong>111.</strong></span> <span class='ocrx_word' id='word_1_62' title='bbox 2607 948 2722 1001; x_wconf 82' lang='lat'><strong>691.</strong></span> 
     </span>
    </p>
   </div>
   <div class='ocr_carea' id='block_1_11' title="bbox 1115 1068 3161 1134">
    <p class='ocr_par' dir='ltr' id='par_1_12' title="bbox 1115 1068 3161 1134">
     <span class='ocr_line' id='line_1_18' title="bbox 1115 1068 3161 1134; baseline -0.002 -9"><span class='ocrx_word' id='word_1_63' title='bbox 1115 1068 1305 1134; x_wconf 81' lang='grc'><strong>1977,</strong></span> <span class='ocrx_word' id='word_1_64' title='bbox 1396 1069 1594 1130; x_wconf 83' lang='lat' dir='ltr'>Riedel,</span> <span class='ocrx_word' id='word_1_65' title='bbox 1633 1070 1758 1121; x_wconf 85' lang='lat' dir='ltr'><strong>Cod.</strong></span> <span class='ocrx_word' id='word_1_66' title='bbox 1799 1068 2012 1133; x_wconf 85' lang='lat' dir='ltr'>diplom.</span> <span class='ocrx_word' id='word_1_67' title='bbox 2052 1069 2446 1133; x_wconf 79' lang='lat' dir='ltr'>Brandenburg.</span> <span class='ocrx_word' id='word_1_68' title='bbox 2482 1069 2531 1121; x_wconf 85' lang='lat'><strong>2.</strong></span> <span class='ocrx_word' id='word_1_69' title='bbox 2562 1068 2807 1133; x_wconf 80' lang='lat' dir='ltr'>Hauptth.</span> <span class='ocrx_word' id='word_1_70' title='bbox 2846 1070 2904 1121; x_wconf 90' lang='grc' dir='ltr'><strong>ΙΙ.</strong></span> <span class='ocrx_word' id='word_1_71' title='bbox 2940 1070 3161 1125; x_wconf 84' lang='grc'><strong>27-28.</strong></span> 
     </span>
    </p>
   </div>
   <div class='ocr_carea' id='block_1_12' title="bbox 774 1188 4105 1378">
    <p class='ocr_par' dir='ltr' id='par_1_13' title="bbox 774 1188 4105 1378">
     <span class='ocr_line' id='line_1_19' title="bbox 1079 1188 4104 1274; baseline 0.002 -21"><span class='ocrx_word' id='word_1_72' title='bbox 1079 1188 1300 1255; x_wconf 67' lang='grc'><strong>*1388</strong></span> <span class='ocrx_word' id='word_1_73' title='bbox 1393 1191 1897 1253; x_wconf 76' lang='lat' dir='ltr'>Cuiusroruonus</span> <span class='ocrx_word' id='word_1_74' title='bbox 1955 1194 2017 1251; x_wconf 92' lang='lat' dir='ltr'>et</span> <span class='ocrx_word' id='word_1_75' title='bbox 2059 1190 2317 1267; x_wconf 76' lang='lat' dir='ltr'>Enicus,</span> <span class='ocrx_word' id='word_1_76' title='bbox 2376 1190 2656 1267; x_wconf 86' lang='lat' dir='ltr'>ejusdem</span> <span class='ocrx_word' id='word_1_77' title='bbox 2706 1188 2905 1269; x_wconf 85' lang='lat' dir='ltr'>filius,</span> <span class='ocrx_word' id='word_1_78' title='bbox 2965 1191 3281 1253; x_wconf 85' lang='lat' dir='ltr'>Danorum</span> <span class='ocrx_word' id='word_1_79' title='bbox 3330 1192 3860 1272; x_wconf 84' lang='lat' dir='ltr'>Schlavorumque</span> <span class='ocrx_word' id='word_1_80' title='bbox 3909 1214 4104 1274; x_wconf 84' lang='lat' dir='ltr'>reges,</span> 
     </span>
     <span class='ocr_line' id='line_1_20' title="bbox 774 1290 4105 1378; baseline 0.001 -23"><span class='ocrx_word' id='word_1_81' title='bbox 774 1293 1092 1355; x_wconf 81' lang='lat' dir='ltr'>libertates</span> <span class='ocrx_word' id='word_1_82' title='bbox 1151 1291 1434 1355; x_wconf 79' lang='lat' dir='ltr'>ecelesiae</span> <span class='ocrx_word' id='word_1_83' title='bbox 1494 1292 1556 1353; x_wconf 90' lang='lat' dir='ltr'><strong>h.</strong></span> <span class='ocrx_word' id='word_1_84' title='bbox 1616 1292 1826 1356; x_wconf 77' lang='lat' dir='ltr'>Marioe</span> <span class='ocrx_word' id='word_1_85' title='bbox 1885 1292 2143 1369; x_wconf 84' lang='lat' dir='ltr'>virginis</span> <span class='ocrx_word' id='word_1_86' title='bbox 2198 1294 2262 1353; x_wconf 90' lang='lat' dir='ltr'>in</span> <span class='ocrx_word' id='word_1_87' title='bbox 2332 1298 2539 1354; x_wconf 84' lang='lat' dir='ltr'>castro</span> <span class='ocrx_word' id='word_1_88' title='bbox 2598 1290 2952 1353; x_wconf 86' lang='lat' dir='ltr'>Revaliensi</span> <span class='ocrx_word' id='word_1_89' title='bbox 3014 1294 3405 1356; x_wconf 82' lang='lat' dir='ltr'>confirmant.</span> <span class='ocrx_word' id='word_1_90' title='bbox 3464 1328 3546 1340; x_wconf 93' lang='lat'><strong>—</strong></span> <span class='ocrx_word' id='word_1_91' title='bbox 3606 1296 4105 1378; x_wconf 70' lang='lat' dir='ltr'>Wortinqkburch,</span> 
     </span>
    </p>
   </div>
   <div class='ocr_carea' id='block_1_13' title="bbox 773 1394 2685 1473">
    <p class='ocr_par' dir='ltr' id='par_1_14' title="bbox 773 1394 2685 1473">
     <span class='ocr_line' id='line_1_21' title="bbox 773 1394 2685 1473; baseline 0 -18"><span class='ocrx_word' id='word_1_92' title='bbox 773 1397 837 1456; x_wconf 90' lang='lat' dir='ltr'>in</span> <span class='ocrx_word' id='word_1_93' title='bbox 886 1396 1048 1457; x_wconf 85' lang='lat' dir='ltr'>festo</span> <span class='ocrx_word' id='word_1_94' title='bbox 1096 1398 1455 1472; x_wconf 85' lang='lat' dir='ltr'>(crastino?)</span> <span class='ocrx_word' id='word_1_95' title='bbox 1503 1396 1913 1458; x_wconf 82' lang='lat' dir='ltr'>assumtionis</span> <span class='ocrx_word' id='word_1_96' title='bbox 1957 1394 2020 1455; x_wconf 90' lang='lat' dir='ltr'><strong>h.</strong></span> <span class='ocrx_word' id='word_1_97' title='bbox 2069 1396 2344 1471; x_wconf 83' lang='lat' dir='ltr'>Virginis</span> <span class='ocrx_word' id='word_1_98' title='bbox 2372 1394 2685 1473; x_wconf 74' lang='lat' dir='ltr'>gloriose.</span> 
     </span>
    </p>
   </div>
   <div class='ocr_carea' id='block_1_14' title="bbox 1389 1494 4109 1653">
    <p class='ocr_par' dir='ltr' id='par_1_15' title="bbox 1389 1494 4109 1653">
     <span class='ocr_line' id='line_1_22' title="bbox 1393 1494 4106 1567; baseline 0.002 -19"><span class='ocrx_word' id='word_1_99' title='bbox 1393 1499 1598 1563; x_wconf 81' lang='lat' dir='ltr'>Bunge,</span> <span class='ocrx_word' id='word_1_100' title='bbox 1645 1497 1814 1555; x_wconf 80' lang='lat' dir='ltr'>Liv.-‚</span> <span class='ocrx_word' id='word_1_101' title='bbox 1851 1496 2028 1548; x_wconf 85' lang='lat' dir='ltr'>Esth.-</span> <span class='ocrx_word' id='word_1_102' title='bbox 2065 1512 2116 1547; x_wconf 91' lang='lat' dir='ltr'>u.</span> <span class='ocrx_word' id='word_1_103' title='bbox 2158 1494 2569 1547; x_wconf 71' lang='lat' dir='ltr'>Curliindisohes</span> <span class='ocrx_word' id='word_1_104' title='bbox 2605 1498 2943 1549; x_wconf 85' lang='lat' dir='ltr'>Urkundenb.</span> <span class='ocrx_word' id='word_1_105' title='bbox 2982 1498 3039 1549; x_wconf 90' lang='lat' dir='ltr'>li.</span> <span class='ocrx_word' id='word_1_106' title='bbox 3077 1498 3179 1552; x_wconf 82' lang='lat'>205</span> <span class='ocrx_word' id='word_1_107' title='bbox 3216 1498 3357 1562; x_wconf 88' lang='lat' dir='ltr'>(med</span> <span class='ocrx_word' id='word_1_108' title='bbox 3394 1499 3530 1551; x_wconf 84' lang='lat' dir='ltr'>Dat.:</span> <span class='ocrx_word' id='word_1_109' title='bbox 3578 1502 3631 1552; x_wconf 93' lang='lat' dir='ltr'>ln</span> <span class='ocrx_word' id='word_1_110' title='bbox 3672 1502 3843 1565; x_wconf 78' lang='lat' dir='ltr'>resto).</span> <span class='ocrx_word' id='word_1_111' title='bbox 3922 1504 4106 1567; x_wconf 81' lang='lat' dir='ltr'>Bunge,</span> 
     </span>
     <span class='ocr_line' id='line_1_23' title="bbox 1389 1580 4109 1653; baseline 0.001 -18"><span class='ocrx_word' id='word_1_112' title='bbox 1389 1583 1580 1636; x_wconf 74' lang='lat' dir='ltr'>Archiv</span> <span class='ocrx_word' id='word_1_113' title='bbox 1633 1584 1667 1634; x_wconf 78' lang='lat' dir='ltr'>i.</span> <span class='ocrx_word' id='word_1_114' title='bbox 1726 1582 1912 1633; x_wconf 81' lang='lat' dir='ltr'>Gesch.</span> <span class='ocrx_word' id='word_1_115' title='bbox 1967 1583 2134 1641; x_wconf 81' lang='lat' dir='ltr'>Liv.-,</span> <span class='ocrx_word' id='word_1_116' title='bbox 2190 1583 2366 1633; x_wconf 84' lang='lat' dir='ltr'>Esth.-</span> <span class='ocrx_word' id='word_1_117' title='bbox 2421 1597 2473 1634; x_wconf 91' lang='lat' dir='ltr'>u.</span> <span class='ocrx_word' id='word_1_118' title='bbox 2530 1583 2794 1635; x_wconf 85' lang='lat' dir='ltr'>Curiands</span> <span class='ocrx_word' id='word_1_119' title='bbox 2849 1584 2883 1634; x_wconf 93' lang='lat' dir='ltr'>l.</span> <span class='ocrx_word' id='word_1_120' title='bbox 2940 1584 3045 1637; x_wconf 85' lang='grc'>272</span> <span class='ocrx_word' id='word_1_121' title='bbox 3097 1585 3241 1644; x_wconf 83' lang='lat' dir='ltr'>(med</span> <span class='ocrx_word' id='word_1_122' title='bbox 3287 1586 3421 1637; x_wconf 63' lang='lat' dir='ltr'>liat:</span> <span class='ocrx_word' id='word_1_123' title='bbox 3472 1580 3530 1637; x_wconf 66' lang='lat' dir='ltr'>&#39;in</span> <span class='ocrx_word' id='word_1_124' title='bbox 3578 1586 3850 1653; x_wconf 82' lang='lat' dir='ltr'>crastino).</span> <span class='ocrx_word' id='word_1_125' title='bbox 3942 1588 4051 1639; x_wconf 84' lang='lat' dir='ltr'><strong>Udt.</strong></span> <span class='ocrx_word' id='word_1_126' title='bbox 4094 1593 4109 1639; x_wconf 95' lang='lat' dir='ltr'>i</span> 
     </span>
    </p>
   </div>
   <div class='ocr_carea' id='block_1_15' title="bbox 1391 1667 4109 1820">
    <p class='ocr_par' dir='ltr' id='par_1_16' title="bbox 1391 1667 4109 1820">
     <span class='ocr_line' id='line_1_24' title="bbox 1392 1667 4109 1739; baseline 0 -18"><span class='ocrx_word' id='word_1_127' title='bbox 1392 1669 1668 1729; x_wconf 76' lang='lat' dir='ltr'>Bvitieldt‚</span> <span class='ocrx_word' id='word_1_128' title='bbox 1726 1670 1907 1721; x_wconf 83' lang='lat' dir='ltr'>Danm.</span> <span class='ocrx_word' id='word_1_129' title='bbox 1955 1668 2110 1734; x_wconf 74' lang='lat' dir='ltr'>Rigas</span> <span class='ocrx_word' id='word_1_130' title='bbox 2157 1670 2315 1721; x_wconf 70' lang='lat' dir='ltr'>lirun.</span> <span class='ocrx_word' id='word_1_131' title='bbox 2370 1669 2423 1720; x_wconf 91' lang='lat' dir='ltr'>S.</span> <span class='ocrx_word' id='word_1_132' title='bbox 2461 1667 2703 1723; x_wconf 83' lang='lat'>427-28</span> <span class='ocrx_word' id='word_1_133' title='bbox 2749 1668 3050 1734; x_wconf 74' lang='lat' dir='ltr'>(xvartudg.</span> <span class='ocrx_word' id='word_1_134' title='bbox 3100 1669 3180 1721; x_wconf 86' lang='lat' dir='ltr'>lli.</span> <span class='ocrx_word' id='word_1_135' title='bbox 3218 1670 3343 1733; x_wconf 87' lang='grc'><strong>321)</strong></span> <span class='ocrx_word' id='word_1_136' title='bbox 3392 1672 3533 1733; x_wconf 85' lang='lat' dir='ltr'>(med</span> <span class='ocrx_word' id='word_1_137' title='bbox 3569 1671 3707 1725; x_wconf 80' lang='lat' dir='ltr'><strong>Dat.:</strong></span> <span class='ocrx_word' id='word_1_138' title='bbox 3752 1676 3807 1725; x_wconf 87' lang='lat' dir='ltr'>ln</span> <span class='ocrx_word' id='word_1_139' title='bbox 3846 1676 4109 1739; x_wconf 75' lang='lat' dir='ltr'>crastino).</span> 
     </span>
     <span class='ocr_line' id='line_1_25' title="bbox 1391 1753 2742 1820; baseline 0 -14"><span class='ocrx_word' id='word_1_140' title='bbox 1391 1755 1519 1806; x_wconf 79' lang='lat' dir='ltr'>Jvrr.</span> <span class='ocrx_word' id='word_1_141' title='bbox 1557 1756 1758 1819; x_wconf 77' lang='lat' dir='ltr'>Buuge,</span> <span class='ocrx_word' id='word_1_142' title='bbox 1795 1753 1896 1805; x_wconf 83' lang='lat' dir='ltr'>Das</span> <span class='ocrx_word' id='word_1_143' title='bbox 1935 1754 2287 1820; x_wconf 80' lang='lat' dir='ltr'>Herzogthum</span> <span class='ocrx_word' id='word_1_144' title='bbox 2321 1754 2543 1806; x_wconf 78' lang='lat' dir='ltr'>Estland</span> <span class='ocrx_word' id='word_1_145' title='bbox 2580 1757 2631 1805; x_wconf 91' lang='lat' dir='ltr'>S.</span> <span class='ocrx_word' id='word_1_146' title='bbox 2658 1754 2742 1810; x_wconf 83' lang='lat'><strong>53.</strong></span> 
     </span>
    </p>
   </div>
   <div class='ocr_carea' id='block_1_16' title="bbox 1123 1874 2722 1943">
    <p class='ocr_par' dir='ltr' id='par_1_17' title="bbox 1123 1874 2722 1943">
     <span class='ocr_line' id='line_1_26' title="bbox 1123 1874 2722 1943; baseline -0.005 -11"><span class='ocrx_word' id='word_1_147' title='bbox 1123 1876 1305 1943; x_wconf 80' lang='lat'><strong>1979,</strong></span> <span class='ocrx_word' id='word_1_148' title='bbox 1397 1874 1915 1939; x_wconf 69' lang='lat' dir='ltr'>Heklenburgisches</span> <span class='ocrx_word' id='word_1_149' title='bbox 1951 1874 2291 1927; x_wconf 86' lang='lat' dir='ltr'>Urkundenb.</span> <span class='ocrx_word' id='word_1_150' title='bbox 2328 1874 2432 1928; x_wconf 86' lang='lat' dir='ltr'>vn.</span> <span class='ocrx_word' id='word_1_151' title='bbox 2468 1875 2722 1930; x_wconf 80' lang='grc'><strong>297-99.</strong></span> 
     </span>
    </p>
   </div>
   <div class='ocr_carea' id='block_1_17' title="bbox 1087 1994 4108 2079">
    <p class='ocr_par' dir='ltr' id='par_1_18' title="bbox 1087 1994 4108 2079">
     <span class='ocr_line' id='line_1_27' title="bbox 1087 1994 4108 2079; baseline 0 -19"><span class='ocrx_word' id='word_1_152' title='bbox 1087 1994 1306 2060; x_wconf 83' lang='lat'><strong>*1389.</strong></span> <span class='ocrx_word' id='word_1_153' title='bbox 1395 1995 1699 2058; x_wconf 71' lang='lat' dir='ltr'>JouAssss</span> <span class='ocrx_word' id='word_1_154' title='bbox 1769 1994 2071 2072; x_wconf 79' lang='lat' dir='ltr'>(xxssdus)</span> <span class='ocrx_word' id='word_1_155' title='bbox 2140 2012 2303 2075; x_wconf 88' lang='lat' dir='ltr'>papa</span> <span class='ocrx_word' id='word_1_156' title='bbox 2380 1997 2511 2073; x_wconf 87' lang='lat' dir='ltr'>regi</span> <span class='ocrx_word' id='word_1_157' title='bbox 2580 1997 2785 2057; x_wconf 80' lang='lat' dir='ltr'>Daeiae</span> <span class='ocrx_word' id='word_1_158' title='bbox 2856 1995 3181 2075; x_wconf 78' lang='lat' dir='ltr'>carolum,</span> <span class='ocrx_word' id='word_1_159' title='bbox 3262 1998 3807 2079; x_wconf 84' lang='lat' dir='ltr'>archiepiscopum</span> <span class='ocrx_word' id='word_1_160' title='bbox 3889 2018 4108 2063; x_wconf 88' lang='lat' dir='ltr'>novum</span> 
     </span>
    </p>
   </div>
   <div class='ocr_carea' id='block_1_18' title="bbox 775 2098 4111 2367">
    <p class='ocr_par' dir='ltr' id='par_1_19' title="bbox 775 2098 4111 2367">
     <span class='ocr_line' id='line_1_28' title="bbox 775 2098 4111 2180; baseline 0.001 -19"><span class='ocrx_word' id='word_1_161' title='bbox 775 2098 1197 2176; x_wconf 72' lang='lat' dir='ltr'>hundensem‚</span> <span class='ocrx_word' id='word_1_162' title='bbox 1245 2098 1593 2179; x_wconf 84' lang='lat' dir='ltr'>apostoliea</span> <span class='ocrx_word' id='word_1_163' title='bbox 1625 2098 1992 2159; x_wconf 85' lang='lat' dir='ltr'>auctoritate</span> <span class='ocrx_word' id='word_1_164' title='bbox 2029 2098 2487 2179; x_wconf 82' lang='lat' dir='ltr'>confirmatum,</span> <span class='ocrx_word' id='word_1_165' title='bbox 2535 2099 2951 2161; x_wconf 78' lang='lat' dir='ltr'>commendat.</span> <span class='ocrx_word' id='word_1_166' title='bbox 3008 2134 3077 2143; x_wconf 80' lang='lat'>-—</span> <span class='ocrx_word' id='word_1_167' title='bbox 3129 2100 3440 2179; x_wconf 72' lang='grc' dir='ltr'><strong><em>Αυίπίοπε,</em></strong></span> <span class='ocrx_word' id='word_1_168' title='bbox 3489 2101 3616 2162; x_wconf 87' lang='lat' dir='ltr'>vn.</span> <span class='ocrx_word' id='word_1_169' title='bbox 3654 2102 3794 2165; x_wconf 88' lang='lat' dir='ltr'>idus</span> <span class='ocrx_word' id='word_1_170' title='bbox 3832 2103 4111 2180; x_wconf 66' lang='lat' dir='ltr'>Octobr„</span> 
     </span>
     <span class='ocr_line' id='line_1_29' title="bbox 777 2199 1948 2280; baseline 0 -18"><span class='ocrx_word' id='word_1_171' title='bbox 777 2199 1179 2280; x_wconf 81' lang='lat' dir='ltr'>pontificatus</span> <span class='ocrx_word' id='word_1_172' title='bbox 1225 2203 1426 2264; x_wconf 84' lang='lat' dir='ltr'>nostri</span> <span class='ocrx_word' id='word_1_173' title='bbox 1470 2216 1636 2263; x_wconf 88' lang='lat' dir='ltr'>auno</span> <span class='ocrx_word' id='word_1_174' title='bbox 1683 2200 1948 2262; x_wconf 85' lang='lat' dir='ltr'>decimo.</span> 
     </span>
     <span class='ocr_line' id='line_1_30' title="bbox 1391 2302 2522 2367; baseline -0.001 -12"><span class='ocrx_word' id='word_1_175' title='bbox 1391 2302 1467 2367; x_wconf 72' lang='lat' dir='ltr'>Ny</span> <span class='ocrx_word' id='word_1_176' title='bbox 1503 2302 1774 2355; x_wconf 80' lang='lat' dir='ltr'>kirkehist.</span> <span class='ocrx_word' id='word_1_177' title='bbox 1813 2302 2110 2366; x_wconf 76' lang='lat' dir='ltr'>Samiinger</span> <span class='ocrx_word' id='word_1_178' title='bbox 2146 2303 2229 2355; x_wconf 86' lang='lat'><strong>111.</strong></span> <span class='ocrx_word' id='word_1_179' title='bbox 2265 2302 2522 2358; x_wconf 79' lang='grc'><strong>824-26.</strong></span> 
     </span>
    </p>
   </div>
   <div class='ocr_carea' id='block_1_19' title="bbox 1084 2420 4111 2503">
    <p class='ocr_par' dir='ltr' id='par_1_20' title="bbox 1084 2420 4111 2503">
     <span class='ocr_line' id='line_1_31' title="bbox 1084 2420 4111 2503; baseline -0 -16"><span class='ocrx_word' id='word_1_180' title='bbox 1084 2420 1304 2487; x_wconf 71' lang='grc' dir='ltr'><strong>*139Ο.</strong></span> <span class='ocrx_word' id='word_1_181' title='bbox 1396 2422 1618 2485; x_wconf 64' lang='grc' dir='ltr'><strong>ΚΑυυτι</strong></span> <span class='ocrx_word' id='word_1_182' title='bbox 1673 2422 1933 2502; x_wconf 69' lang='lat' dir='ltr'>Josson,</span> <span class='ocrx_word' id='word_1_183' title='bbox 1996 2426 2165 2499; x_wconf 82' lang='lat' dir='ltr'>regis</span> <span class='ocrx_word' id='word_1_184' title='bbox 2214 2426 2443 2485; x_wconf 81' lang='lat' dir='ltr'>Sveoiae</span> <span class='ocrx_word' id='word_1_185' title='bbox 2503 2430 2565 2485; x_wconf 84' lang='lat' dir='ltr'>et</span> <span class='ocrx_word' id='word_1_186' title='bbox 2624 2424 2963 2500; x_wconf 79' lang='lat' dir='ltr'>Norwegiae</span> <span class='ocrx_word' id='word_1_187' title='bbox 3022 2423 3313 2503; x_wconf 76' lang='lat' dir='ltr'>dapiferi,</span> <span class='ocrx_word' id='word_1_188' title='bbox 3371 2425 3447 2486; x_wconf 79' lang='lat' dir='ltr'>ad</span> <span class='ocrx_word' id='word_1_189' title='bbox 3504 2425 3801 2487; x_wconf 82' lang='lat' dir='ltr'>consules</span> <span class='ocrx_word' id='word_1_190' title='bbox 3850 2426 4111 2487; x_wconf 78' lang='lat' dir='ltr'>Revaliae</span> 
     </span>
    </p>
   </div>
   <div class='ocr_carea' id='block_1_20' title="bbox 777 2525 4109 2706">
    <p class='ocr_par' dir='ltr' id='par_1_21' title="bbox 777 2525 4109 2706">
     <span class='ocr_line' id='line_1_32' title="bbox 778 2525 4109 2606; baseline 0.001 -20"><span class='ocrx_word' id='word_1_191' title='bbox 778 2526 1029 2606; x_wconf 79' lang='lat' dir='ltr'>iltterae,</span> <span class='ocrx_word' id='word_1_192' title='bbox 1088 2528 1153 2587; x_wconf 89' lang='lat' dir='ltr'>iu</span> <span class='ocrx_word' id='word_1_193' title='bbox 1209 2525 1437 2602; x_wconf 84' lang='lat' dir='ltr'>quibus</span> <span class='ocrx_word' id='word_1_194' title='bbox 1484 2541 1656 2586; x_wconf 88' lang='lat' dir='ltr'>mors</span> <span class='ocrx_word' id='word_1_195' title='bbox 1701 2526 1977 2587; x_wconf 88' lang='lat' dir='ltr'>hominis</span> <span class='ocrx_word' id='word_1_196' title='bbox 2024 2543 2233 2588; x_wconf 82' lang='lat' dir='ltr'>coram</span> <span class='ocrx_word' id='word_1_197' title='bbox 2291 2528 2616 2605; x_wconf 81' lang='lat' dir='ltr'>capitaneo</span> <span class='ocrx_word' id='word_1_198' title='bbox 2677 2528 2841 2603; x_wconf 80' lang='lat' dir='ltr'>regis</span> <span class='ocrx_word' id='word_1_199' title='bbox 2889 2526 3095 2588; x_wconf 59' lang='lat' dir='ltr'>Daciae</span> <span class='ocrx_word' id='word_1_200' title='bbox 3132 2526 3393 2604; x_wconf 82' lang='lat' dir='ltr'>judicati</span> <span class='ocrx_word' id='word_1_201' title='bbox 3440 2534 3988 2591; x_wconf 79' lang='lat' dir='ltr'>commemoratur.</span> <span class='ocrx_word' id='word_1_202' title='bbox 4038 2564 4109 2573; x_wconf 91' lang='lat'>-—</span> 
     </span>
     <span class='ocr_line' id='line_1_33' title="bbox 777 2627 1749 2706; baseline 0 -18"><span class='ocrx_word' id='word_1_203' title='bbox 777 2628 892 2690; x_wconf 91' lang='lat' dir='ltr'>Die</span> <span class='ocrx_word' id='word_1_204' title='bbox 937 2627 999 2688; x_wconf 90' lang='lat' dir='ltr'><strong>h.</strong></span> <span class='ocrx_word' id='word_1_205' title='bbox 1049 2627 1332 2706; x_wconf 66' lang='lat' dir='ltr'>Andreae,</span> <span class='ocrx_word' id='word_1_206' title='bbox 1380 2629 1515 2688; x_wconf 90' lang='lat' dir='ltr'>sine</span> <span class='ocrx_word' id='word_1_207' title='bbox 1562 2644 1749 2689; x_wconf 86' lang='lat' dir='ltr'>anno.</span> 
     </span>
    </p>
   </div>
   <div class='ocr_carea' id='block_1_21' title="bbox 1393 2729 4115 2871">
    <p class='ocr_par' dir='ltr' id='par_1_22' title="bbox 1393 2729 4115 2871">
     <span class='ocr_line' id='line_1_34' title="bbox 1395 2729 4115 2799; baseline 0.002 -19"><span class='ocrx_word' id='word_1_208' title='bbox 1395 2730 1594 2792; x_wconf 82' lang='lat' dir='ltr'>Bunge,</span> <span class='ocrx_word' id='word_1_209' title='bbox 1633 2729 1789 2789; x_wconf 80' lang='lat' dir='ltr'>Liv.-,</span> <span class='ocrx_word' id='word_1_210' title='bbox 1826 2730 2003 2781; x_wconf 85' lang='lat' dir='ltr'>Esth.-·</span> <span class='ocrx_word' id='word_1_211' title='bbox 2040 2745 2091 2782; x_wconf 93' lang='lat' dir='ltr'>u.</span> <span class='ocrx_word' id='word_1_212' title='bbox 2132 2731 2543 2783; x_wconf 69' lang='lat' dir='ltr'>Curlfindlsches</span> <span class='ocrx_word' id='word_1_213' title='bbox 2572 2732 2908 2784; x_wconf 83' lang='lat' dir='ltr'>Urkundenb.</span> <span class='ocrx_word' id='word_1_214' title='bbox 2949 2732 3009 2782; x_wconf 90' lang='grc'>11.</span> <span class='ocrx_word' id='word_1_215' title='bbox 3044 2732 3333 2787; x_wconf 85' lang='grc'><strong>206-207.</strong></span> <span class='ocrx_word' id='word_1_216' title='bbox 3406 2733 3659 2798; x_wconf 79' lang='lat' dir='ltr'>Rydberg‚</span> <span class='ocrx_word' id='word_1_217' title='bbox 3698 2736 3925 2799; x_wconf 77' lang='lat' dir='ltr'>Sverges</span> <span class='ocrx_word' id='word_1_218' title='bbox 3958 2734 4115 2786; x_wconf 75' lang='lat' dir='ltr'>Trak-</span> 
     </span>
     <span class='ocr_line' id='line_1_35' title="bbox 1393 2814 3185 2871; baseline 0.008 -4"><span class='ocrx_word' id='word_1_219' title='bbox 1393 2820 1527 2867; x_wconf 83' lang='lat' dir='ltr'>tater</span> <span class='ocrx_word' id='word_1_220' title='bbox 1563 2817 1598 2868; x_wconf 89' lang='grc' dir='ltr'><strong>Ι.</strong></span> <span class='ocrx_word' id='word_1_221' title='bbox 1635 2814 1890 2871; x_wconf 86' lang='grc'><strong>519-20.</strong></span> <span class='ocrx_word' id='word_1_222' title='bbox 3180 2833 3185 2839; x_wconf 85' lang='grc'><strong><em>’</em></strong></span> 
     </span>
    </p>
   </div>
   <div class='ocr_carea' id='block_1_22' title="bbox 2326 3011 2601 3093">
    <p class='ocr_par' dir='ltr' id='par_1_23' title="bbox 2326 3011 2601 3093">
     <span class='ocr_line' id='line_1_36' title="bbox 2326 3011 2601 3093; baseline 0 -2"><span class='ocrx_word' id='word_1_223' title='bbox 2326 3011 2601 3093; x_wconf 83' lang='lat'>1325?</span> 
     </span>
    </p>
   </div>
   <div class='ocr_carea' id='block_1_23' title="bbox 782 3193 4118 3463">
    <p class='ocr_par' dir='ltr' id='par_1_24' title="bbox 782 3193 4118 3463">
     <span class='ocr_line' id='line_1_37' title="bbox 1089 3193 4118 3277; baseline -0 -19"><span class='ocrx_word' id='word_1_224' title='bbox 1089 3193 1308 3258; x_wconf 85' lang='lat'><strong>*1391.</strong></span> <span class='ocrx_word' id='word_1_225' title='bbox 1399 3194 1801 3257; x_wconf 82' lang='lat' dir='ltr'>Enumeratio</span> <span class='ocrx_word' id='word_1_226' title='bbox 1839 3193 2215 3273; x_wconf 88' lang='lat' dir='ltr'>debitorum,</span> <span class='ocrx_word' id='word_1_227' title='bbox 2265 3212 2401 3273; x_wconf 82' lang='lat' dir='ltr'>quae</span> <span class='ocrx_word' id='word_1_228' title='bbox 2449 3195 2741 3257; x_wconf 88' lang='lat' dir='ltr'>dominus</span> <span class='ocrx_word' id='word_1_229' title='bbox 2790 3194 2863 3256; x_wconf 90' lang='lat' dir='ltr'>de</span> <span class='ocrx_word' id='word_1_230' title='bbox 2900 3196 3079 3274; x_wconf 84' lang='lat' dir='ltr'>Ruya</span> <span class='ocrx_word' id='word_1_231' title='bbox 3121 3213 3235 3275; x_wconf 92' lang='lat' dir='ltr'>pro</span> <span class='ocrx_word' id='word_1_232' title='bbox 3272 3196 3429 3259; x_wconf 86' lang='lat' dir='ltr'>duce</span> <span class='ocrx_word' id='word_1_233' title='bbox 3464 3196 3640 3259; x_wconf 84' lang='lat' dir='ltr'>Jucie</span> <span class='ocrx_word' id='word_1_234' title='bbox 3678 3199 3997 3277; x_wconf 83' lang='lat' dir='ltr'>persolvit.</span> <span class='ocrx_word' id='word_1_235' title='bbox 4039 3232 4118 3242; x_wconf 91' lang='lat'>—</span> 
     </span>
     <span class='ocr_line' id='line_1_38' title="bbox 782 3296 1159 3359; baseline 0.003 -2"><span class='ocrx_word' id='word_1_236' title='bbox 782 3296 927 3358; x_wconf 89' lang='lat' dir='ltr'>Sine</span> <span class='ocrx_word' id='word_1_237' title='bbox 973 3314 1159 3359; x_wconf 90' lang='lat' dir='ltr'>anno.</span> 
     </span>
     <span class='ocr_line' id='line_1_39' title="bbox 1397 3398 2926 3463; baseline 0 -14"><span class='ocrx_word' id='word_1_238' title='bbox 1397 3398 1688 3459; x_wconf 79' lang='lat' dir='ltr'>Fabricius,</span> <span class='ocrx_word' id='word_1_239' title='bbox 1725 3400 1957 3452; x_wconf 83' lang='lat' dir='ltr'>Urkund.</span> <span class='ocrx_word' id='word_1_240' title='bbox 1998 3415 2038 3449; x_wconf 83' lang='lat' dir='ltr'><strong>z.</strong></span> <span class='ocrx_word' id='word_1_241' title='bbox 2079 3400 2266 3451; x_wconf 86' lang='lat' dir='ltr'>Gesch.</span> <span class='ocrx_word' id='word_1_242' title='bbox 2308 3401 2519 3463; x_wconf 80' lang='lat' dir='ltr'>Riigens</span> <span class='ocrx_word' id='word_1_243' title='bbox 2556 3400 2637 3461; x_wconf 81' lang='lat' dir='ltr'>lv,</span> <span class='ocrx_word' id='word_1_244' title='bbox 2675 3399 2724 3453; x_wconf 86' lang='lat'><strong>4.</strong></span> <span class='ocrx_word' id='word_1_245' title='bbox 2762 3401 2814 3451; x_wconf 91' lang='lat' dir='ltr'>S.</span> <span class='ocrx_word' id='word_1_246' title='bbox 2842 3399 2926 3454; x_wconf 79' lang='lat'><strong>87.</strong></span> 
     </span>
    </p>
   </div>
   <div class='ocr_carea' id='block_1_24' title="bbox 1089 3517 4118 3600">
    <p class='ocr_par' dir='ltr' id='par_1_25' title="bbox 1089 3517 4118 3600">
     <span class='ocr_line' id='line_1_40' title="bbox 1089 3517 4118 3600; baseline 0.001 -19"><span class='ocrx_word' id='word_1_247' title='bbox 1089 3517 1307 3581; x_wconf 65' lang='lat'>*1392</span> <span class='ocrx_word' id='word_1_248' title='bbox 1400 3520 1799 3582; x_wconf 80' lang='lat' dir='ltr'>Enumeratio</span> <span class='ocrx_word' id='word_1_249' title='bbox 1858 3538 2070 3583; x_wconf 90' lang='lat' dir='ltr'>earum</span> <span class='ocrx_word' id='word_1_250' title='bbox 2129 3536 2513 3583; x_wconf 84' lang='lat' dir='ltr'>summarum</span> <span class='ocrx_word' id='word_1_251' title='bbox 2570 3522 2843 3600; x_wconf 87' lang='lat' dir='ltr'>argenti,</span> <span class='ocrx_word' id='word_1_252' title='bbox 2906 3538 3043 3599; x_wconf 80' lang='lat' dir='ltr'>quae</span> <span class='ocrx_word' id='word_1_253' title='bbox 3104 3522 3286 3582; x_wconf 86' lang='lat' dir='ltr'>annis</span> <span class='ocrx_word' id='word_1_254' title='bbox 3340 3522 3501 3587; x_wconf 84' lang='lat'><strong>1323</strong></span> <span class='ocrx_word' id='word_1_255' title='bbox 3560 3529 3622 3583; x_wconf 86' lang='lat' dir='ltr'>et</span> <span class='ocrx_word' id='word_1_256' title='bbox 3669 3523 3839 3589; x_wconf 82' lang='grc'><strong>1325</strong></span> <span class='ocrx_word' id='word_1_257' title='bbox 3884 3524 4118 3585; x_wconf 83' lang='lat' dir='ltr'>Wizlao</span> 
     </span>
    </p>
   </div>
   <div class='ocr_carea' id='block_1_25' title="bbox 784 3620 3383 3790">
    <p class='ocr_par' dir='ltr' id='par_1_26' title="bbox 784 3620 3383 3790">
     <span class='ocr_line' id='line_1_41' title="bbox 784 3620 3383 3703; baseline 0.002 -24"><span class='ocrx_word' id='word_1_258' title='bbox 784 3622 1050 3699; x_wconf 85' lang='lat' dir='ltr'>principi</span> <span class='ocrx_word' id='word_1_259' title='bbox 1097 3620 1540 3699; x_wconf 83' lang='lat' dir='ltr'>(Ruyanorum)</span> <span class='ocrx_word' id='word_1_260' title='bbox 1587 3638 1623 3681; x_wconf 88' lang='lat' dir='ltr'>a</span> <span class='ocrx_word' id='word_1_261' title='bbox 1669 3623 2054 3685; x_wconf 81' lang='lat' dir='ltr'>christoforo</span> <span class='ocrx_word' id='word_1_262' title='bbox 2102 3641 2249 3700; x_wconf 79' lang='lat' dir='ltr'>rege</span> <span class='ocrx_word' id='word_1_263' title='bbox 2296 3625 2617 3703; x_wconf 89' lang='lat' dir='ltr'>persoluta</span> <span class='ocrx_word' id='word_1_264' title='bbox 2662 3630 2831 3685; x_wconf 85' lang='lat' dir='ltr'>sunt.</span> <span class='ocrx_word' id='word_1_265' title='bbox 2880 3658 2959 3669; x_wconf 89' lang='lat'>-—</span> <span class='ocrx_word' id='word_1_266' title='bbox 3006 3624 3151 3685; x_wconf 90' lang='lat' dir='ltr'>Sine</span> <span class='ocrx_word' id='word_1_267' title='bbox 3197 3642 3383 3686; x_wconf 88' lang='lat' dir='ltr'>anno.</span> 
     </span>
     <span class='ocr_line' id='line_1_42' title="bbox 1401 3722 3059 3790; baseline 0.004 -19"><span class='ocrx_word' id='word_1_268' title='bbox 1401 3722 1686 3787; x_wconf 84' lang='lat' dir='ltr'>Fabricius,</span> <span class='ocrx_word' id='word_1_269' title='bbox 1724 3726 1956 3777; x_wconf 82' lang='lat' dir='ltr'>Urkund.</span> <span class='ocrx_word' id='word_1_270' title='bbox 1995 3742 2038 3777; x_wconf 72' lang='lat' dir='ltr'><strong>r..</strong></span> <span class='ocrx_word' id='word_1_271' title='bbox 2075 3726 2264 3778; x_wconf 82' lang='lat' dir='ltr'>Gesch.</span> <span class='ocrx_word' id='word_1_272' title='bbox 2305 3725 2517 3790; x_wconf 73' lang='lat' dir='ltr'>{lugens</span> <span class='ocrx_word' id='word_1_273' title='bbox 2554 3726 2633 3789; x_wconf 83' lang='lat' dir='ltr'>iv,</span> <span class='ocrx_word' id='word_1_274' title='bbox 2670 3726 2719 3780; x_wconf 86' lang='lat'><strong>4.</strong></span> <span class='ocrx_word' id='word_1_275' title='bbox 2758 3728 2810 3776; x_wconf 93' lang='lat' dir='ltr'><strong>S.</strong></span> <span class='ocrx_word' id='word_1_276' title='bbox 2838 3727 3059 3780; x_wconf 85' lang='lat'><strong>94—95.</strong></span> 
     </span>
    </p>
   </div>
   <div class='ocr_carea' id='block_1_26' title="bbox 2083 3935 2826 4037">
    <p class='ocr_par' dir='ltr' id='par_1_27' title="bbox 2083 3935 2826 4037">
     <span class='ocr_line' id='line_1_43' title="bbox 2083 3935 2826 4037; baseline -0.003 0"><span class='ocrx_word' id='word_1_277' title='bbox 2083 3954 2309 4037; x_wconf 87' lang='lat'>1325</span> <span class='ocrx_word' id='word_1_278' title='bbox 2374 3935 2527 4037; x_wconf 77' lang='lat' dir='ltr'>vel&#39;</span> <span class='ocrx_word' id='word_1_279' title='bbox 2576 3954 2826 4037; x_wconf 81' lang='lat'><strong>1326.</strong></span> 
     </span>
    </p>
   </div>
   <div class='ocr_carea' id='block_1_27' title="bbox 790 4132 4119 4321">
    <p class='ocr_par' dir='ltr' id='par_1_28' title="bbox 790 4132 4119 4321">
     <span class='ocr_line' id='line_1_44' title="bbox 1093 4132 4119 4220; baseline 0.001 -23"><span class='ocrx_word' id='word_1_280' title='bbox 1093 4132 1313 4197; x_wconf 84' lang='lat'><strong>*1393.</strong></span> <span class='ocrx_word' id='word_1_281' title='bbox 1407 4138 1711 4199; x_wconf 64' lang='lat' dir='ltr'>Arusnws</span> <span class='ocrx_word' id='word_1_282' title='bbox 1750 4146 1810 4198; x_wconf 88' lang='lat' dir='ltr'>et</span> <span class='ocrx_word' id='word_1_283' title='bbox 1849 4139 2153 4201; x_wconf 72' lang='lat' dir='ltr'>Dirmsus</span> <span class='ocrx_word' id='word_1_284' title='bbox 2189 4138 2411 4199; x_wconf 82' lang='lat' dir='ltr'>fratres</span> <span class='ocrx_word' id='word_1_285' title='bbox 2447 4139 2597 4199; x_wconf 84' lang='lat' dir='ltr'>dicti</span> <span class='ocrx_word' id='word_1_286' title='bbox 2629 4138 2791 4200; x_wconf 76' lang='lat' dir='ltr'>Bsus</span> <span class='ocrx_word' id='word_1_287' title='bbox 2830 4146 3318 4217; x_wconf 80' lang='lat' dir='ltr'>recognoscunt,</span> <span class='ocrx_word' id='word_1_288' title='bbox 3366 4139 3714 4200; x_wconf 86' lang='lat' dir='ltr'>Johannem</span> <span class='ocrx_word' id='word_1_289' title='bbox 3750 4142 4119 4220; x_wconf 82' lang='lat' dir='ltr'>episcopum</span> 
     </span>
     <span class='ocr_line' id='line_1_45' title="bbox 790 4235 4017 4321; baseline 0.002 -25"><span class='ocrx_word' id='word_1_290' title='bbox 790 4235 1271 4297; x_wconf 84' lang='lat' dir='ltr'>Roskildensem</span> <span class='ocrx_word' id='word_1_291' title='bbox 1320 4236 1437 4298; x_wconf 89' lang='lat' dir='ltr'>sibi</span> <span class='ocrx_word' id='word_1_292' title='bbox 1485 4237 1760 4301; x_wconf 85' lang='lat' dir='ltr'>MCCCC</span> <span class='ocrx_word' id='word_1_293' title='bbox 1809 4240 2082 4302; x_wconf 77' lang='lat' dir='ltr'>florenos</span> <span class='ocrx_word' id='word_1_294' title='bbox 2128 4241 2205 4302; x_wconf 87' lang='lat' dir='ltr'>de</span> <span class='ocrx_word' id='word_1_295' title='bbox 2254 4241 2595 4319; x_wconf 84' lang='lat' dir='ltr'>Florencia,</span> <span class='ocrx_word' id='word_1_296' title='bbox 2646 4240 2764 4301; x_wconf 88' lang='lat' dir='ltr'>sibi</span> <span class='ocrx_word' id='word_1_297' title='bbox 2809 4241 3074 4319; x_wconf 85' lang='lat' dir='ltr'>debitos,</span> <span class='ocrx_word' id='word_1_298' title='bbox 3123 4242 3521 4321; x_wconf 86' lang='lat' dir='ltr'>persolvisse.</span> <span class='ocrx_word' id='word_1_299' title='bbox 3574 4275 3651 4285; x_wconf 92' lang='lat'>—</span> <span class='ocrx_word' id='word_1_300' title='bbox 3698 4240 4017 4314; x_wconf 61' lang='lat' dir='ltr'>(labeas.)</span> 
     </span>
    </p>
   </div>
   <div class='ocr_carea' id='block_1_28' title="bbox 1399 4356 4121 4513">
    <p class='ocr_par' dir='ltr' id='par_1_29' title="bbox 1399 4356 4121 4513">
     <span class='ocr_line' id='line_1_46' title="bbox 1402 4356 4121 4425; baseline 0.001 -18"><span class='ocrx_word' id='word_1_301' title='bbox 1402 4356 1738 4408; x_wconf 85' lang='lat' dir='ltr'>Urkundenb.</span> <span class='ocrx_word' id='word_1_302' title='bbox 1769 4360 1817 4409; x_wconf 85' lang='lat' dir='ltr'><strong>d.</strong></span> <span class='ocrx_word' id='word_1_303' title='bbox 1849 4360 1998 4410; x_wconf 85' lang='lat' dir='ltr'>Stadt</span> <span class='ocrx_word' id='word_1_304' title='bbox 2028 4360 2242 4413; x_wconf 76' lang='lat' dir='ltr'>Liiheok</span> <span class='ocrx_word' id='word_1_305' title='bbox 2269 4359 2327 4411; x_wconf 87' lang='lat' dir='ltr'>ll.</span> <span class='ocrx_word' id='word_1_306' title='bbox 2358 4359 2459 4413; x_wconf 82' lang='lat'>417</span> <span class='ocrx_word' id='word_1_307' title='bbox 2489 4358 2683 4425; x_wconf 83' lang='lat'><strong>(1326).</strong></span> <span class='ocrx_word' id='word_1_308' title='bbox 2753 4358 2916 4421; x_wconf 76' lang='lat' dir='ltr'>Pauli,</span> <span class='ocrx_word' id='word_1_309' title='bbox 2945 4360 3171 4411; x_wconf 73' lang='lat' dir='ltr'>Lubeeii.</span> <span class='ocrx_word' id='word_1_310' title='bbox 3204 4361 3470 4425; x_wconf 67' lang='lat' dir='ltr'>zustfinde</span> <span class='ocrx_word' id='word_1_311' title='bbox 3497 4375 3538 4410; x_wconf 79' lang='grc' dir='ltr'><strong>ι.</strong></span> <span class='ocrx_word' id='word_1_312' title='bbox 3559 4360 3675 4411; x_wconf 75' lang='lat' dir='ltr'>Ani.</span> <span class='ocrx_word' id='word_1_313' title='bbox 3706 4360 3755 4409; x_wconf 83' lang='lat' dir='ltr'><strong>d.</strong></span> <span class='ocrx_word' id='word_1_314' title='bbox 3786 4360 4121 4412; x_wconf 75' lang='lat' dir='ltr'>vierzehnten</span> 
     </span>
     <span class='ocr_line' id='line_1_47' title="bbox 1399 4440 2030 4513; baseline 0.008 -21"><span class='ocrx_word' id='word_1_315' title='bbox 1399 4440 1576 4493; x_wconf 78' lang='lat' dir='ltr'>Jahrh.</span> <span class='ocrx_word' id='word_1_316' title='bbox 1615 4445 1668 4495; x_wconf 91' lang='lat' dir='ltr'><strong>S.</strong></span> <span class='ocrx_word' id='word_1_317' title='bbox 1695 4445 1799 4500; x_wconf 90' lang='grc'>218</span> <span class='ocrx_word' id='word_1_318' title='bbox 1835 4445 2030 4513; x_wconf 80' lang='grc'><strong>(1325).</strong></span> 
     </span>
    </p>
   </div>
   <div class='ocr_carea' id='block_1_29' title="bbox 2157 4657 2767 4749">
    <p class='ocr_par' dir='ltr' id='par_1_30' title="bbox 2157 4657 2767 4749">
     <span class='ocr_line' id='line_1_48' title="bbox 2157 4657 2767 4749; baseline -0.002 -10"><span class='ocrx_word' id='word_1_319' title='bbox 2157 4657 2767 4749; x_wconf 84' lang='lat'><strong>1325-1334.</strong></span> 
     </span>
    </p>
   </div>
   <div class='ocr_carea' id='block_1_30' title="bbox 790 4838 4125 5023">
    <p class='ocr_par' dir='ltr' id='par_1_31' title="bbox 790 4838 4125 5023">
     <span class='ocr_line' id='line_1_49' title="bbox 1094 4838 4122 4921; baseline -0 -19"><span class='ocrx_word' id='word_1_320' title='bbox 1094 4838 1311 4904; x_wconf 70' lang='lat'>*1394</span> <span class='ocrx_word' id='word_1_321' title='bbox 1404 4842 1644 4904; x_wconf 73' lang='grc' dir='ltr'>Εεκιιιι</span> <span class='ocrx_word' id='word_1_322' title='bbox 1705 4842 1780 4903; x_wconf 90' lang='lat' dir='ltr'>de</span> <span class='ocrx_word' id='word_1_323' title='bbox 1826 4841 2259 4921; x_wconf 78' lang='lat' dir='ltr'>Hortaethorp‚</span> <span class='ocrx_word' id='word_1_324' title='bbox 2317 4842 2603 4903; x_wconf 74' lang='lat' dir='ltr'>Jomsms</span> <span class='ocrx_word' id='word_1_325' title='bbox 2662 4840 2739 4902; x_wconf 89' lang='lat' dir='ltr'>de</span> <span class='ocrx_word' id='word_1_326' title='bbox 2798 4840 3257 4917; x_wconf 79' lang='lat' dir='ltr'>Norhvittinge,</span> <span class='ocrx_word' id='word_1_327' title='bbox 3316 4840 3723 4909; x_wconf 79' lang='lat' dir='ltr'>eeclesiarum</span> <span class='ocrx_word' id='word_1_328' title='bbox 3784 4846 4122 4916; x_wconf 80' lang='lat' dir='ltr'>rectorum,</span> 
     </span>
     <span class='ocr_line' id='line_1_50' title="bbox 790 4936 4125 5023; baseline 0.002 -26"><span class='ocrx_word' id='word_1_329' title='bbox 790 4936 1008 4999; x_wconf 77' lang='lat' dir='ltr'>litterae</span> <span class='ocrx_word' id='word_1_330' title='bbox 1060 4940 1136 5001; x_wconf 88' lang='lat' dir='ltr'>de</span> <span class='ocrx_word' id='word_1_331' title='bbox 1194 4944 1562 5004; x_wconf 85' lang='lat' dir='ltr'>concambio</span> <span class='ocrx_word' id='word_1_332' title='bbox 1622 4944 1783 5005; x_wconf 90' lang='lat' dir='ltr'>inter</span> <span class='ocrx_word' id='word_1_333' title='bbox 1839 4949 2038 5005; x_wconf 86' lang='lat' dir='ltr'>terras</span> <span class='ocrx_word' id='word_1_334' title='bbox 2093 4960 2427 5023; x_wconf 88' lang='lat' dir='ltr'>puerorum</span> <span class='ocrx_word' id='word_1_335' title='bbox 2488 4943 2968 5020; x_wconf 82' lang='lat' dir='ltr'>praebendalium</span> <span class='ocrx_word' id='word_1_336' title='bbox 3027 4942 3485 5022; x_wconf 86' lang='lat' dir='ltr'>archiepiscopi</span> <span class='ocrx_word' id='word_1_337' title='bbox 3530 4940 3748 5003; x_wconf 66' lang='lat' dir='ltr'>iacobi</span> <span class='ocrx_word' id='word_1_338' title='bbox 3808 4947 3869 5002; x_wconf 87' lang='lat' dir='ltr'>et</span> <span class='ocrx_word' id='word_1_339' title='bbox 3928 4948 4125 5003; x_wconf 84' lang='lat' dir='ltr'>terras</span> 
     </span>
    </p>
   </div>
   <div class='ocr_carea' id='block_1_31' title="bbox 796 5040 2666 5210">
    <p class='ocr_par' dir='ltr' id='par_1_32' title="bbox 796 5040 2666 5210">
     <span class='ocr_line' id='line_1_51' title="bbox 796 5040 1965 5117; baseline 0.003 -15"><span class='ocrx_word' id='word_1_340' title='bbox 796 5040 1022 5117; x_wconf 81' lang='lat' dir='ltr'>Saegoti</span> <span class='ocrx_word' id='word_1_341' title='bbox 1069 5048 1407 5107; x_wconf 86' lang='lat' dir='ltr'>Svensson.</span> <span class='ocrx_word' id='word_1_342' title='bbox 1457 5080 1538 5090; x_wconf 95' lang='lat'><strong>—</strong></span> <span class='ocrx_word' id='word_1_343' title='bbox 1587 5046 1731 5107; x_wconf 87' lang='lat' dir='ltr'>Siue</span> <span class='ocrx_word' id='word_1_344' title='bbox 1777 5062 1965 5106; x_wconf 88' lang='lat' dir='ltr'>anno.</span> 
     </span>
     <span class='ocr_line' id='line_1_52' title="bbox 1405 5146 2666 5210; baseline -0.001 -13"><span class='ocrx_word' id='word_1_345' title='bbox 1405 5146 1566 5210; x_wconf 81' lang='lat' dir='ltr'>Rletz,</span> <span class='ocrx_word' id='word_1_346' title='bbox 1605 5146 1842 5198; x_wconf 72' lang='lat' dir='ltr'>Skanska</span> <span class='ocrx_word' id='word_1_347' title='bbox 1877 5146 2272 5198; x_wconf 69' lang='lat' dir='ltr'>skolviisendets</span> <span class='ocrx_word' id='word_1_348' title='bbox 2308 5147 2429 5197; x_wconf 85' lang='lat' dir='ltr'>hist.</span> <span class='ocrx_word' id='word_1_349' title='bbox 2469 5147 2520 5196; x_wconf 91' lang='lat' dir='ltr'><strong>S.</strong></span> <span class='ocrx_word' id='word_1_350' title='bbox 2551 5146 2666 5199; x_wconf 81' lang='lat'><strong>197.</strong></span> 
     </span>
    </p>
   </div>
   <div class='ocr_carea' id='block_1_32' title="bbox 4265 0 4274 957">
    <p class='ocr_par' dir='ltr' id='par_1_33' title="bbox 4265 0 4274 957">
     <span class='ocr_line' id='line_1_53' title="bbox 4265 0 4274 957; baseline 0 0"><span class='ocrx_word' id='word_1_351' title='bbox 4265 0 4274 957; x_wconf 95' lang='lat' dir='ltr'> </span> 
     </span>
    </p>
   </div>
  </div>
 </body>
</html>
