4275 5759
450 538 638 609 1353.

431 642 515 696 26.
550 642 693 707 suut.

429 1086 513 1140 30.
551 1087 691 1139 sunl.

326 1530 411 1584 31.
446 1530 693 1595 Augusti.

372 2138 381 2147 .
398 2096 449 2150 4.
486 2096 694 2161 septbr.

769 374 915 446 302
1091 368 1095 373 ’
1874 366 2093 441 Kone
2145 365 2546 439 VALnsuAR
2605 368 2997 441 Armanas.

1070 642 1289 709 *2174
1382 644 1874 707 Overenskomst
1932 640 2180 703 mellem
2237 639 2418 717 Kong
2475 638 2800 701 varunna
2853 656 2938 717 og
2995 641 3308 703 Grevcrne
3361 642 3588 705 Ecum:
3645 660 3728 719 og
3787 642 3992 704 ths
4049 644 4116 704 ar

762 745 1049 808 flolsten.
1096 780 1179 793 —
1226 747 1309 807 Bi
1352 744 1698 823 Wininyllm
1747 744 1860 807 des
1906 744 2257 820 neghesten
2304 742 2498 819 dages
2543 758 2625 802 na
2671 748 2852 803 sunte
2900 741 3158 805 lacobes
3205 743 3429 820 daghe.
3725 744 4108 824 (Plattydsk.l

1380 847 1655 908 Stemann,
1694 846 2009 898 Gencbtchte
2036 845 2085 896 d.
2117 845 2457 897 offentllchen
2492 857 2544 894 u.
2579 843 2974 895 privat-Rechts
2993 844 3042 894 d.
3073 844 3454 909 flcrwgthums
3473 846 3760 910 set-bulg
3779 846 3867 897 ul.
3891 846 4108 901 iti—19.

1381 934 1557 989 nansi
1596 932 1709 985 Udi..
1748 934 1765 983 l
1802 930 2069 986 Hvitreldt.
2108 930 2294 982 naum.
2332 930 2489 994 luges
2525 930 2682 983 Krcn.
2721 930 2775 981 S.
2810 929 3094 995 §ov—508,
3123 928 3430 996 (Kvartndg.
3467 931 3548 983 ΙΙΙ.
3585 930 3726 997 514).

1071 1086 1291 1152 *2175.
1383 1088 1755 1150 Wstozuniu
1794 1086 2111 1147 Danorum
2152 1084 2636 1162 Sclavorumque
2672 1087 2840 1161 regis
2875 1083 3267 1147 confirmatio
3298 1085 3508 1163 legum
3545 1091 3608 1147 et
3640 1088 3854 1165 jurum
3893 1086 4110 1147 foren-

765 1190 948 1268 sium,
997 1207 1134 1268 quae
1170 1190 1379 1251 villani
1424 1190 1486 1250 in
1524 1188 1943 1265 Herghestath
1990 1188 2065 1249 ab
2112 1189 2372 1265 antiquo
2421 1185 2789 1249 habuerunt.
2837 1221 2918 1232 —
2965 1187 3234 1267 Othonie,
3283 1190 3560 1251 crastino
3605 1188 3665 1251 b.
3714 1188 3898 1250 Olani
3945 1188 4110 1264 regis

762 1297 825 1354 et
868 1294 1159 1355 martiris.

1380 1378 1568 1429 litator.
1605 1373 1837 1427 Tldsskr.
1874 1374 1955 1425 IV.
1991 1373 2282 1428 604—605.

1068 1530 1287 1597 *2176.
1379 1530 1506 1593 Aac
1543 1529 2045 1608 Bernarussou,
2082 1527 2578 1590 Landsdommer
2611 1529 2630 1588 i
2670 1529 2932 1607 Skaane,
2970 1527 3159 1593 Jonas
3201 1530 3550 1592 Parnasson
3584 1530 3832 1609 erc,
3873 1530 4112 1592 Kannik

761 1636 777 1695 i
825 1634 1037 1716 lfund,
1088 1641 1248 1697 samt
1294 1633 1575 1710 Mausos,
1624 1632 1799 1694 Prior
1844 1633 1861 1692 i
1908 1628 2121 1693 Lunds
2170 1630 2448 1707 Kloster,
2496 1630 2790 1711 bevidne,
2838 1639 2899 1692 at
2943 1632 3113 1693 Eski!
3161 1631 3512 1709 Niclisson‚
3560 1633 3798 1710 Borger
3845 1636 3862 1693 i
3909 1633 4113 1708 Lund,

759 1754 877 1818 paa
919 1738 1192 1799 Skaanes
1230 1735 1615 1812 Landsthing
1648 1734 1764 1797 har
1806 1734 2050 1813 skjodet
2086 1734 2181 1794 sin
2220 1732 2420 1813 Gaard
2445 1735 2482 1793 .i
2520 1732 2858 1815 Ondaetorp
2895 1732 2960 1795 til
2994 1733 3417 1811 Benechinu8‚
3467 1734 3699 1797 Kantor
3732 1736 3753 1797 i
3789 1735 3991 1797 Lund.
4031 1768 4104 1780 -

762 1838 1009 1919 lundis,
1061 1840 1320 1901 sabbato
1366 1854 1540 1919 prox.
1588 1843 1731 1899 ante
1779 1836 1941 1898 diem
1988 1836 2048 1897 b.
2097 1836 2300 1913 Egidii
2346 1835 2609 1897 abbatis.
3863 1836 4110 1912 (Latini

1372 1939 1491 1991 Udt.
1528 1942 1547 1990 1
1582 1940 1779 1991 svensk
1814 1939 1993 1991 overs.
2032 1940 2049 1989 i
2086 1938 2323 1989 Svenska
2360 1937 2790 1991 les-Arcblvets
2827 1938 3286 2003 Pergamenubrer
3315 1938 3352 1991 l.
3391 1938 3474 1994 43.

1068 2096 1291 2160 *2177.
1383 2094 1874 2157 Overenskomst
1908 2092 2154 2155 mellem
2180 2092 2360 2168 Kong
2385 2093 2711 2155 Vatusium
2745 2094 2812 2154 af
2839 2093 3149 2155 Danmark
3188 2111 3269 2169 og
3305 2094 3462 2155 Grev
3499 2091 3688 2158 Jousu
3723 2094 3790 2155 af
3819 2094 4112 2169 Holsten,

762 2199 1076 2261 hvorel'ler
1121 2198 1381 2275 Rongen
1428 2196 1511 2258 bl.
1560 2213 1615 2258 a.
1666 2195 1799 2257 skal
1846 2195 2091 2257 indlcse
2136 2193 2580 2257 Billemverder
2623 2195 2717 2256 fra
2757 2195 3079 2273 Hertugen
3123 2197 3191 2257 af
3230 2196 3512 2258 Sachsen
3556 2198 3622 2258 til
3671 2197 3912 2259 Greven
3959 2196 4116 2259 eller

759 2303 897 2380 give
956 2300 1096 2362 ham
1146 2306 1208 2362 et
1253 2299 1407 2361 Pant
1458 2300 1479 2359 i
1524 2300 1710 2378 Fyen.
1760 2332 1839 2343 -—-
1886 2297 2242 2375 Nyoopinqla
2291 2314 2442 2375 eppe
2487 2296 2733 2376 Fal-tter,
2781 2298 2857 2360 de
2903 2299 3254 2385 neghesten
3300 2300 3716 2363 midwekenes
3761 2316 3872 2361 vor
3917 2316 4116 2361 unser

637 2466 645 2473 ,
762 2404 1022 2465 Vrowen
1069 2403 1178 2465 der
1224 2403 1480 2464 lateren.
3719 2401 4110 2479 (Plattydsk.)

360 2746 445 2799 29.
484 2746 687 2811 septbr.

352 3208 443 3291 ,¹0·
480 3208 694 3295 Octobr.

358 3754 441 3808 12.
479 3754 688 3806 octobr.

356 4199 441 4255 28.
478 4200 693 4256 Octobr.

355 4730 441 4784 28.
479 4731 687 4784 Octobr.

1375 2503 1685 2564 melichon,
1729 2501 2321 2567 Urkundensammlnng
2369 2501 2428 2552 ll.
2477 2500 2734 2557 231-32.
2817 2502 2935 2555 Udt.
2983 2515 3080 2566 pan
3125 2502 3302 2555 Dansk
3344 2505 3363 2554 l
3407 2503 3680 2564 Hvltreldt,
3727 2504 3914 2555 Deum.
3951 2502 4116 2567 ngen

1376 2588 1535 2641 Bran.
1573 2590 1625 2640 S.
1656 2588 1757 2642 507
1796 2586 2101 2653 (livartudg.
2138 2586 2224 2639 111.
2261 2586 2540 2653 512-13).
2614 2587 2846 2639 Dei-efter
2881 2588 2900 2637 l
2936 2588 3123 2647 Suhm,
3161 2588 3290 2640 fllst.
3327 2588 3384 2640 at
3414 2587 3598 2640 Danm.
3635 2588 3761 2639 ΧΙΙΙ.
3798 2589 4059 2643 276-77.

1066 2743 1284 2811 *2178.
1374 2744 1678 2815 [lanuinus
1724 2743 2249 2821 Bitonmusson,
2296 2744 2542 2820 consul,
2590 2749 2653 2806 et
2698 2742 2926 2805 Psi-nus
2971 2742 3359 2821 Binantsson‚
3408 2744 3560 2809 civis
3616 2750 3678 2806 et
3721 2744 4118 2807 monetarius

762 2846 1442 2925 civitatisbundensis,
1488 2852 1934 2927 protestantur,
1984 2844 2370 2907 Tidemanno
2417 2846 2562 2925 Los,
2611 2846 2929 2909 consulari
2973 2847 3036 2906 in
3073 2845 3307 2925 Wyshy
3344 2845 3708 2924 Godlandie,
3755 2847 3922 2908 bona
3967 2848 4113 2924 ejus

762 2952 827 3012 in
875 2952 1170 3029 passagio
1219 2950 1525 3014 Oroesund
1572 2965 1685 3029 per
1730 2948 1871 3010 illos
1918 2948 1993 3010 de
2040 2948 2320 3027 Campen
2366 2946 2567 3009 ablata
2611 2966 2775 3010 esse.
2825 2980 2908 2993 —
2951 2948 3021 3010 ln
3067 2949 3166 3011 die
3211 2948 3271 3009 b.
3321 2948 3644 3011 Michaelis
3688 2948 4078 3023 archangeli.

1375 3050 1713 3104 urkundenb.
1752 3050 1801 3101 d.
1838 3048 1989 3102 Stadt
2022 3049 2236 3101 Lubeck
2269 3048 2361 3106 1112'
2389 3048 2506 3104 183.

1071 3206 1287 3274 *2179.
1380 3205 1699 3269 Consumit
1737 3207 1799 3267 in
1827 3205 2037 3266 W1ssr
2076 3205 2400 3266 Gotlandie
2437 3204 2514 3265 ad
2555 3205 2852 3267 consules
2889 3204 3151 3267 civitatis
3186 3205 3560 3268 Lubicensis
3595 3206 3830 3279 litterae,
3873 3204 4113 3282 quibus

762 3310 837 3371 ab
895 3312 972 3372 iis
1039 3318 1291 3391 petunt,
1361 3316 1429 3372 ut
1483 3308 1978 3371 Thidemannum
2038 3306 2203 3369 Loos
2261 3309 2322 3367 in
2385 3324 2576 3371 causa
2633 3313 2851 3370 contra
2905 3308 3297 3387 capitaneum
3353 3308 3598 3369 navium
3659 3308 4112 3387 Campensium

760 3411 997 3492 pridem
1056 3414 1114 3473 in
1166 3419 1348 3493 portu
1396 3410 1764 3473 Norssunde
1826 3410 2254 3489 existentium,
2318 3412 2421 3490 qui
2481 3412 2538 3472 ei
2580 3409 2747 3472 bona
2793 3412 2927 3490 ejus
2977 3409 3334 3490 abstulerit,
3393 3411 3702 3493 adjuvent.
3751 3442 3836 3455 -
3883 3408 4110 3487 Wisby,

760 3515 857 3576 die
905 3529 957 3576 s.
1006 3515 1311 3577 Gereonis
1358 3520 1420 3577 et
1465 3515 1781 3576 sociorum
1831 3516 1987 3591 ejus.

1373 3615 1711 3667 Urknndenb.
1750 3614 1799 3665 d.
1839 3614 1989 3666 Stadt
2022 3614 2236 3666 Labeo&
2273 3614 2355 3666 111.
2395 3613 2647 3670 183-84.

1067 3753 1285 3819 *2180.
1374 3753 1658 3831 Maurus,
1717 3770 1820 3815 rex
1884 3752 2166 3830 Swecioe,
2225 3751 2304 3813 ad
2360 3752 2658 3815 consules
2705 3753 3092 3816 Lubicenses
3149 3753 3398 3833 scribit,
3458 3770 3526 3817 se
3583 3754 3822 3817 nuntiis
3881 3768 4112 3815 eorum

760 3855 924 3937 apud
971 3856 1433 3933 Belsingborch
1491 3858 1553 3918 in
1614 3874 1729 3919 sua
1784 3856 2118 3935 praesentia
2174 3856 2533 3917 constitutis
2591 3856 3018 3935 respondisse.
3065 3890 3150 3901 ——
3194 3855 3270 3917 In
3313 3864 3504 3919 castro
3545 3864 3740 3918 nosIro
3781 3856 4110 3935 Stockolm,

759 3958 1018 4022 sabbato
1065 3966 1207 4021 ante
1256 3959 1419 4022 Luce
1468 3960 1867 4037 evangeliste,
1918 3959 2052 4021 sine
2098 3974 2287 4020 anno.

1372 4060 1711 4115 urkundenb.
1750 4060 1798 4113 d.
1838 4061 1987 4113 stadt
2020 4061 2235 4113 Ldbeck
2269 4058 2347 4112 Ν.
2385 4060 2468 4115 51.
2541 4060 2926 4114 Hauserecesse
2962 4057 2999 4110 1.
3036 4059 3154 4115 105.

1068 4198 1286 4264 *2181.
1378 4198 1674 4278 Annuus,
1720 4200 2084 4279 capitaneus
2129 4200 2318 4260 castri
2366 4198 2822 4279 Wardberugh,
2868 4197 3162 4277 declarat,
3209 4198 3576 4263 Balstanum
3621 4198 3936 4263 Paeterson
3979 4220 4110 4282 pro

761 4301 1149 4377 excessibus,
1200 4318 1312 4381 pro
1354 4302 1579 4381 quibus
1621 4302 1907 4365 Odderus
1953 4307 2410 4381 carpentaneus
2445 4318 2558 4381 per
2594 4301 2992 4378 Wesgociam
3041 4317 3196 4380 pace
3242 4305 3518 4382 privatus
3563 4304 3816 4376 exstitit,
3859 4303 3978 4365 sibi
4035 4324 4113 4369 ex

760 4411 932 4484 parte
982 4407 1145 4481 regis
1196 4405 1469 4483 plenarie
1519 4406 1925 4467 satisfecisse.
1976 4438 2054 4449 -—
2105 4404 2170 4464 ln
2220 4403 2316 4465 die
2362 4408 2566 4484 apost.
2618 4405 2906 4484 Symonis
2953 4412 3014 4467 et
3058 4404 3236 4468 lude.

1374 4508 1581 4567 Holler,
1640 4505 2126 4569 Foru-Bandllngar
2172 4504 2400 4558 rorando
2446 4505 2667 4558 Balland
2716 4506 2768 4559 S.
2807 4506 3025 4562 79—80.
3105 4506 3224 4561 Udt.
3271 4510 3292 4560 1
3335 4508 3531 4561 παπαὶ
3577 4507 3756 4561 oven.
3799 4512 3818 4560 1
3863 4508 4116 4563 sven-ka

1374 4593 1802 4645 les-Arcblvets
1839 4592 2298 4656 Pergamontshror
2331 4592 2366 4643 Ι.
2404 4590 2486 4645 45.

1067 4730 1289 4795 *2182
1380 4731 1690 4795 Consonus
1737 4730 2081 4793 Lunnsusts
2128 4736 2585 4810 protestantur,
2643 4731 3028 4794 Tidemanno
3075 4731 3241 4795 Loos
3285 4729 3454 4793 bona
3497 4732 3634 4810 ejus
3679 4747 3790 4810 per
3834 4732 3976 4794 illos
4031 4734 4112 4797 de

761 4832 1036 4911 Campen
1094 4840 1407 4914 tempore,
1468 4852 1589 4913 quo
1643 4834 1708 4895 hi
1752 4835 1815 4894 in
1864 4834 2158 4911 passagio
2205 4834 2372 4895 dicto
2421 4833 2728 4895 Oraesund
2785 4834 2990 4896 classe
3037 4852 3154 4899 sua
3197 4840 3617 4912 morarentur,
3673 4833 3878 4895 ablata
3931 4852 4108 4917 esse,

760 4936 997 5012 treugis
1042 4938 1204 4998 inter
1251 4938 1566 5015 Magnum,
1616 4954 1825 5013 regem
1864 4935 2119 5015 Swecie,
2167 4934 2480 5013 Noruegie
2527 4943 2590 4999 et
2624 4937 2870 5015 Scanie,
2917 4943 2980 4999 et
3023 4938 3166 4998 illos
3211 4937 3288 4999 de
3323 4938 3602 5017 campen
3649 4936 3984 5000 condictis.
4029 4972 4104 4987 -

760 5036 871 5099 Die
916 5037 978 5099 b.
1028 5038 1315 5119 Symonis
1362 5046 1425 5100 et
1468 5038 1625 5103 sude
1670 5039 2121 5119 apostolorum.

1372 5140 1709 5193 urkundenb.
1747 5139 1797 5193 d.
1835 5140 1985 5193 stadt
2017 5139 2233 5192 Lubeck
2267 5138 2350 5192 ΙΙΙ.
2385 5137 2502 5194 184.
