4275 5759
1312 365 1531 441 Kone
1582 364 1983 442 vannum
2039 370 2434 442 Armanas.
3389 374 3536 446 303

505 644 729 709 *2183.
822 645 1083 706 Vaebner
1130 646 1481 706 ΑιειΑιωι-,ιι
1525 643 1783 706 hassos
1840 644 1861 703 i
1916 642 2300 722 Thyrthinge
2361 644 2613 721 skjeder
2667 661 2782 723 paa
2830 646 3104 705 Skaanes
3152 643 3538 719 Landsthing

194 749 263 809 til
326 748 541 810 hunde
598 748 818 809 Kirkes
876 748 1382 827 Bygningskasse
1450 746 1535 806 alt
1591 747 1670 807 sit
1726 745 2077 822 Jordegods
2133 746 2154 805 i
2211 745 2626 824 Fathoerstorp
2688 747 2709 805 i
2771 746 3147 809 Othenzstre
3207 747 3398 820 Sogn.
3459 780 3538 789 —

194 851 451 927 Laciades,
502 850 765 912 sabbato
810 867 983 928 prox.
1034 856 1180 929 post
1222 850 1453 909 festum
1499 849 1775 909 omnium
1826 848 2223 909 Sanctorum.
3299 848 3540 923 (Latin.)

822 951 937 1003 Udt.
976 955 992 1003 i
1028 950 1225 1003 svensk
1260 948 1440 1002 overe.
1476 951 1497 999 i
1532 950 1767 1001 Svenska
1806 948 2235 1001 Bilta-Archivets
2273 948 2731 1013 Pergamontsbret
2767 950 2802 1003 1.
2842 950 2925 1003 45.

511 1054 727 1119 *2184
815 1055 1110 1119 Nicuotn
1145 1054 1509 1131 Tausissoiss
1559 1050 1792 1130 militis,
1841 1052 2055 1113 decem
2096 1052 2549 1131 provinciarum
2589 1054 2850 1131 legiferi,
2897 1052 2974 1113 ad
3015 1053 3312 1115 consules
3349 1052 3540 1114 Lubi-

190 1175 429 1220 censes
481 1159 723 1236 litterae,
793 1158 1021 1235 quibus
1080 1144 1477 1237 protestatur,
1538 1154 1971 1216 'l'hidemanno
2020 1156 2182 1214 Loos
2241 1156 2404 1215 bona
2461 1157 2596 1233 ejus
2655 1172 2765 1232 per
2823 1156 2962 1216 illos
3019 1156 3094 1216 de
3144 1155 3420 1235 Campen
3477 1157 3539 1215 in

188 1269 385 1340 portu
410 1260 781 1323 Norssnnde
821 1260 1023 1320 ablata
1057 1276 1219 1323 esse.
1246 1292 1327 1304 —
1353 1258 1719 1335 Kalmarnie,
1759 1258 1909 1317 feria
1946 1258 2162 1333 quinta
2195 1273 2367 1336 prox.
2403 1264 2549 1335 post
2582 1256 2808 1319 festum
2847 1260 3126 1319 omnium
3152 1256 3542 1322 Sanctorum.

824 1360 1163 1413 urkundenb.
1198 1360 1249 1411 d.
1288 1360 1439 1411 stadt
1472 1359 1685 1411 Luheck
1720 1358 1803 1409 tu.
1840 1356 2095 1411 185-86,

536 1464 710 1529 2364
754 1482 823 1526 se
868 1462 1086 1528 *1873

512 1582 731 1648 *2185
824 1582 1113 1659 Miletius,⁸
1146 1601 1249 1644 rex
1287 1584 1539 1659 Sveciae,
1584 1582 1909 1660 Norvegioe
1957 1587 2018 1643 et
2054 1582 2314 1661 scaniae,
2364 1599 2432 1643 se
2468 1582 2788 1643 Ludouico
2837 1582 2913 1643 de
2947 1580 3264 1644 Namurko
3302 1582 3540 1643 ratione

191 1688 435 1749 servitii
487 1686 607 1748 sibi
668 1688 934 1766 impensi
998 1694 1059 1747 et
1105 1684 1504 1765 impendendi
1560 1686 1622 1744 in
1683 1684 1810 1749 100
1851 1684 2079 1745 marcis
2136 1686 2275 1763 puri
2322 1686 2599 1761 (argenti)
2647 1686 2962 1746 annuatim
3011 1684 3086 1746 de
3131 1688 3384 1747 moneta
3429 1700 3545 1745 sua

192 1790 524 1851 bundensi
596 1789 991 1851 sublevandis
1062 1789 1402 1866 obligatur,
1480 1787 1715 1849 »donec
1772 1786 2085 1848 nundinas
2143 1792 2392 1848 nostras
2450 1788 2686 1847 Scaniae
2744 1786 2820 1847 ab
2879 1788 3009 1856 his,
3079 1786 3306 1865 quibus
3372 1802 3540 1847 nunc

188 1894 635 1971 impignorata».
684 1894 814 1953 l'ore
862 1892 1299 1969 dinoscuntur,
1346 1890 1607 1952 liberare
1654 1890 1999 1968 poterimus
2049 1890 2170 1951 sibi
2216 1907 2326 1969 pro
2376 1889 2655 1968 ejusdem
2704 1892 2944 1966 argenti
2993 1890 3304 1951 solutione
3340 1888 3540 1968 depu-

186 1994 491 2055 tandas·.
540 2028 623 2040 —·-
668 1994 973 2072 Bauokus,
1020 1992 1279 2055 sabbato
1324 1993 1485 2054 infra
1528 2000 1777 2054 octavas
1825 1993 1885 2053 b.
1933 1992 2182 2054 Martini
2225 1992 2508 2070 episcopi
2555 1998 2618 2053 et
2661 1992 2828 2053 conf.

822 2096 1160 2160 mplomntnr.
1196 2095 1415 2157 Nouos.
1452 2094 1533 2145 lv.
1570 2094 1823 2148 290—91.

516 2196 737 2263 *21-86.
831 2200 991 2261 Grev
1024 2200 1213 2263 Jonas
1262 2200 1329 2259 at·
1356 2198 1616 2280 Holsten
1666 2198 1889 2275 saelger
1924 2197 2103 2272 Kong
2140 2194 2468 2257 valdemar
2501 2196 2560 2255 al
2595 2198 2691 2256 sin
2726 2195 3135 2257 Modrenearv
3173 2199 3193 2257 i
3235 2196 3541 2258 Danmark

188 2302 343 2365 med
390 2301 769 2379 Undtagelse
817 2301 884 2363 al'
923 2302 1160 2363 Godset
1204 2304 1221 2361 i
1268 2301 1455 2379 Fyen,
1504 2298 1822 2378 Lyungby,
1872 2299 2123 2378 Steghe‚
2175 2299 2480 2382 Stauerby·
2520 2316 2601 2375 og
2647 2296 2903 2377 Auelby.
2945 2332 3024 2345 -
3057 2300 3310 2377 ouem,
3360 2307 3542 2361 sunte

188 2405 565 2467 clementes
610 2403 851 2466 auende
898 2405 1010 2465 des
1058 2404 1313 2481 hilghen
1360 2420 1576 2483 paueS.
3165 2402 3542 2480 (Plattydsk.)

816 2505 935 2557 Udi.
970 2520 1068 2570 paa
1105 2506 1281 2557 Dansk
1316 2508 1332 2556 l
1368 2504 1642 2564 nuttam,
1690 2504 1875 2555 Duum.
1924 2505 2077 2568 nges
2122 2504 2281 2555 Kron.
2321 2504 2374 2555 S.
2409 2502 2515 2558 508
2551 2504 2858 2572 (Kvartudg.
2893 2504 2976 2555 111.
3005 2502 3132 2571 514)
3167 2504 3290 2555 med
3327 2504 3543 2555 Datum:

820 2592 871 2643 S.
902 2591 1191 2643 Clementis
1226 2604 1389 2656 papa.
1452 2591 1579 2643 Jvtr.
1616 2588 1920 2650 Relnhardt,
1957 2589 2234 2641 valdemar
2267 2589 2512 2653 Atterdag
2549 2590 2600 2640 S.
2629 2590 2917 2645 606—607.

510 2695 729 2760 *2187.
818 2694 1102 2773 Minoaue,
1162 2712 1267 2757 rex
1326 2694 1580 2773 Suecie,
1640 2694 1953 2770 Noruegie
2010 2701 2073 2754 et
2130 2694 2386 2772 scanie,
2447 2693 2700 2755 Alberto
2757 2693 2899 2755 duci
2949 2682 3425 2773 Magnopolensi
3483 2700 3546 2754 et

186 2798 477 2860 Henrico
534 2798 849 2859 Holtzacie
910 2798 1124 2859 comiti
1180 2798 1426 2877 plenam
1484 2802 1859 2877 potestatem
1916 2814 2059 2858 cum
2117 2795 2574 2857 Lubicensibus
2631 2796 2707 2857 de
2754 2796 3200 2858 controversiis
3256 2797 3418 2856 inter
3475 2812 3544 2856 se

186 2910 253 2963 et
303 2917 423 2961 eos
470 2900 772 2962 tractandi
819 2902 1168 2961 committit.
1217 2933 1301 2945 —
1345 2900 1810 2978 Helsinyboryis,
1858 2900 2173 2960 dominica
2216 2899 2411 2959 tercia
2453 2898 2792 2959 Adventus,

823 3003 997 3066 δεῖσε,
1038 3002 1225 3066 Bldrag
1258 3000 1343 3054 tm
1379 3001 1797 3053 Skandlnaviens
1832 3002 2053 3053 historia
2088 3000 2125 3051 1.
2164 2998 2383 3055 18—19.
2454 3001 2836 3051 Hanserecesse
2872 3000 2910 3051 1.
2946 2999 3235 3053 105—106.

510 3104 731 3169 *2188.
820 3104 1095 3183 Missus,
1132 3106 1476 3168 Succorum
1511 3106 1945 3183 Noruegorum
1973 3106 2400 3182 Gotorumque
2435 3120 2562 3181 rex,
2597 3102 2848 3164 Alberto
2888 3104 3031 3164 duci
3068 3102 3543 3182 Magnopolensi

186 3210 455 3289 plenam
514 3214 887 3287 potestatem
945 3226 1089 3271 cum
1138 3208 1487 3288 Rozstock,
1544 3210 1793 3271 Vismer
1852 3215 1911 3270 et
1968 3206 2330 3270 Stralesund
2389 3206 2692 3268 tractandi
2738 3206 3088 3267 committit.
3135 3239 3218 3249 —
3266 3205 3544 3283 Helsinq-

186 3312 411 3390 ὁονςὶι,
462 3319 678 3389 quarta
722 3312 875 3373 feria
920 3319 1188 3389 quatuor
1232 3319 1581 3390 temporum
1632 3327 1804 3390 prox.
1852 3316 2000 3389 post
2046 3310 2232 3371 Lucie
2281 3310 2558 3387 virginis.

822 3413 999 3477 Styffe,
1037 3413 1224 3477 Bidrag
1261 3413 1345 3465 till
1381 3414 1802 3465 Skandinavtens
1836 3413 2059 3464 historia
2092 3412 2129 3464 1.
2169 3410 2387 3465 19—20.
2461 3412 2843 3464 Hauserecesse
2877 3410 2915 3461 1.
2954 3411 3073 3464 106.

514 3516 733 3581 9189.
824 3517 1220 3582 Vitumnus
1260 3535 1365 3579 rex
1400 3519 1847 3579 monasterium
1875 3516 2036 3578 Petri
2065 3516 2511 3578 Nestvediense
2537 3516 2612 3575 ab
2651 3516 3069 3594 hospitalitate
3109 3521 3170 3575 et
3192 3515 3546 3591 gravamine

188 3636 468 3681 suorum
522 3620 946 3698 familiarium,
1007 3637 1312 3697 equorum
1360 3627 1421 3681 et
1466 3637 1692 3682 canum
1750 3619 1967 3681 liberat
2012 3625 2074 3680 et
2118 3618 2195 3679 ab
2246 3634 2322 3680 eo
2385 3620 2450 3679 in
2497 3634 2973 3698 recompensam
3019 3616 3351 3679 Turebelle
3399 3634 3546 3695 oroe,

188 3724 475 3799 Faxinge
522 3730 583 3783 et
628 3722 864 3783 Praeste
911 3724 1158 3801 accipit.

822 3824 939 3877 Udt.
993 3826 1012 3876 i
1055 3823 1357 3888 Langehek,
1413 3825 1663 3889 scriptor.
1711 3836 1810 3876 rer.
1860 3824 2096 3875 Danlcar.
2145 3821 2223 3873 lV.
2269 3822 2364 3875 341
2426 3835 2492 3886 og
2540 3824 2558 3874 i
2602 3820 2938 3886 programma
2981 3822 3178 3873 scholae
3225 3821 3546 3873 Herlovlanae

824 3908 961 3965 1781
996 3910 1050 3961 S.
1079 3910 1194 3964 137.
1884 3934 1889 3939 -

1670 4104 1758 4187 Ο.
1832 4104 2083 4187 1353.

518 4270 741 4337 *2190.
832 4272 1142 4353 Ninonsus
1189 4271 1563 4351 Tuuslssou,
1624 4271 1843 4334 decem
1895 4272 2350 4350 provinciarum
2402 4270 2640 4349 legifer,
2695 4270 2993 4331 consules
3030 4269 3418 4331 Lubicenses
3466 4268 3544 4331 de

194 4391 435 4437 eorum
474 4376 757 4457 consiliis
804 4383 1024 4437 contra
1067 4392 1136 4437 se
1182 4377 1555 4453 interrogat3
1616 4374 1797 4453 dicit,
1858 4392 1926 4435 se
1984 4374 2137 4434 nihil
2179 4374 2340 4451 ‚mali
2397 4373 2472 4435 de
2529 4373 2606 4433 iis
2662 4374 3003 4449 meruisse,
3061 4372 3186 4432 nisi
3241 4388 3354 4451 per
3397 4372 3543 4452 hoc,

194 4476 381 4557 quod
430 4480 557 4554 regi
603 4495 719 4541 suo
767 4478 1092 4541 utilitatem
1138 4481 1273 4559 ejus
1334 4495 1524 4558 super
1576 4477 1874 4539 nundinis
1936 4478 1999 4537 in
2047 4476 2330 4538 Skaneer
2374 4476 2671 4537 retulerit.
2717 4508 2802 4521 —-
2845 4473 3294 4552 Stokholmffis),
3344 4474 3546 4551 vigilia

190 4581 265 4642 h.
316 4578 553 4643 Mathei
596 4582 867 4662 apostoli
913 4587 977 4643 et
1019 4599 1277 4663 ewang.‚
1328 4582 1463 4643 sine
1508 4596 1696 4643 anno.

824 4684 1163 4737 urkundenb.
1202 4685 1251 4735 d.
1290 4684 1440 4735 Stadt
1474 4683 1686 4735 Lubeck
1723 4682 1801 4735 ΙΙΙ.
1840 4682 1957 4737 210.

1580 4894 2208 5001 1353-1360.
2263 4998 2266 5001 .

548 5060 733 5127 2366,
823 5060 1170 5128 Lagei-bring,
1219 5063 1353 5114 Svea
1399 5062 1553 5114 lees
1596 5062 1728 5114 illst.
1777 5058 1859 5111 111.
1906 5058 2021 5114 422.
2105 5061 2488 5113 Hanserecesse
2537 5061 2571 5111 l.
2610 5059 2713 5114 123
2757 5058 2913 5125 (livor
2947 5056 3036 5109 (let
3069 5064 3287 5123 satages
3323 5063 3377 5109 st
3411 5070 3548 5111 vaere

826 5148 907 5200 ira
944 5146 1078 5203 1354
1112 5162 1176 5214 og
1212 5156 1267 5202 at
1300 5161 1439 5201 viere
1472 5162 1539 5199 sn
1577 5146 2016 5199 Faellessktlvelse
2052 5148 2131 5199 tra
2166 5144 2474 5211 Staedeme).

3664 538 3851 604 1353.

3609 641 3662 695 2.
3697 642 3886 693 Novbr.

3613 1051 3661 1104 7.
3697 1052 3888 1103 Novhr.

3613 1462 3694 1515 15.
3733 1463 3926 1514 Novhr.

3613 1581 3696 1635 16.
3739 1582 3930 1637 Novbr.

3612 2198 3695 2251 22.
3735 2176 3924 2250 Novbr.

3615 2693 3702 2750 15.
3736 2695 3917 2745 Decbr.

3615 3104 3697 3157 18.
3736 3104 3919 3156 Decbr.
3946 3066 3952 3073 -

3632 4098 3704 4161 C.
3755 4097 3943 4163 1353.

3614 4268 3700 4322 20.
3737 4269 3944 4333 septbr.

3587 4883 3987 4950 1353-1360.

3617 5056 3667 5109 1.
3702 5054 3944 5119 Augusti.
