4275 5759
365 512 369 515 ⁶
428 524 614 592 1357.

416 1128 499 1182 24.
538 1129 668 1189 maji.

417 1676 500 1731 24.
540 1678 671 1739 Mali.

420 2430 502 2483 26.
543 2430 673 2491 Maii.

430 3098 480 3153 3.
516 3098 675 3149 lunii.

453 3630 501 3683 6.
537 3629 682 3681 Julll.

420 4178 502 4234 12.
538 4180 681 4231 Julll.

323 4831 407 4885 25.
444 4828 684 4895 Augusti.

742 362 888 431 316
1850 358 2065 429 Kone
2124 356 2522 429 VALDEMAR
2579 359 2972 430 A'rrsnnse.

738 631 905 693 bona
966 648 1081 695 sua
1144 633 1499 711 personalia
1552 633 1617 695 in
1676 629 1952 710 Osgocia
2008 633 2276 695 dimittit.
2337 668 2415 680 —
2477 634 2738 713 LundiS,
2809 636 2872 695 in
2943 634 3040 697 die
3107 634 3506 697 ascensionis
3575 635 3813 697 domini
3881 636 4092 697 nostri

740 733 935 798 Jhesu
982 736 1235 797 Chnsu·
1359 819 1565 881 Moller,
1624 820 2112 886 Foru-Handllngar
2166 820 2391 873 rorando
2447 821 2668 872 Halland
2720 822 2772 873 S.
2817 820 3039 876 84—85.
3120 822 3236 875 Udt.
3283 834 3378 887 1³¹¹a
3430 823 3606 874 ⁰⁸¹¹st
3649 826 3666 873 ¹
3710 822 3936 881 numm·
3995 823 4094 874 θα

1356 906 1549 957 norslte
1587 905 1739 957 Folks
1786 907 1913 958 Hist.
1959 907 2008 959 2.
2046 906 2161 958 Md.
2207 907 2244 958 1.
2282 906 2384 961 648
2419 910 2571 959 Anm.
2625 920 2687 971 og
2728 921 2826 972 paa
2864 907 3065 960 Svenslt
3103 911 3120 958 1
3159 909 3392 960 Svenska
3430 907 3861 960 Riks-Archlvets
3899 907 4090 971 Perga·

1358 992 1651 1043 mentshref
1684 992 1719 1042 Ι.
1758 992 1839 1045 96.

1048 1128 1267 1193 *2294
1360 1128 1805 1208 wammam,
1856 1129 1975 1191 dux
2022 1130 2264 1209 Juc(ie),
2311 1134 2372 1192 et
2416 1130 2578 1193 filius
2627 1133 2762 1210 ejus
2812 1131 3232 1193 WALonmnus
3281 1131 3669 1210 promittunt,
3719 1147 3787 1191 se
3833 1130 4090 1193 Ludere

742 1230 1013 1292 Lembek
1049 1232 1223 1292 militi
1262 1234 1521 1312 ejusque
1556 1231 1893 1294 heredibus
1932 1232 2304 1310 quingentas
2341 1250 2583 1295 marcas
2618 1235 2757 1311 puri
2791 1235 3056 1313 argenti,
3095 1236 3396 1295 ducentas
3433 1240 3494 1295 et
3530 1234 3850 1309 sexaginta
3885 1238 3952 1292 et
3979 1250 4090 1293 sex

741 1349 983 1394 marcas
1031 1333 1186 1395 Lub.
1236 1334 1413 1413 den.,
1474 1351 1586 1414 pro
1646 1334 1873 1412 quibus
1920 1337 1975 1397 ei
2022 1336 2341 1415 provincia
2387 1335 2930 1414 Lyungtoftherret
2974 1338 3388 1419 impignorata
3434 1337 3544 1414 sit,
3602 1336 3763 1396 infra
3809 1334 4092 1413 Synder-

733 1435 967 1513 juciam
1016 1437 1078 1496 in
1125 1437 1266 1498 loco
1325 1438 1379 1499 ei
1430 1454 1655 1498 securo
1705 1438 2024 1499 soluturos
2072 1454 2237 1499 esse.
2286 1472 2366 1479 —-—
2413 1438 2710 1517 Broalcer,
2768 1456 2942 1519 prox.
2994 1444 3213 1515 quarta
3255 1439 3408 1501 feria
3453 1443 3595 1501 ante
3644 1438 4092 1499 Pentecosten.

1358 1556 1659 1615 Michelsen,
1699 1549 2290 1621 Urkundensammlung
2326 1556 2386 1607 ll.
2423 1558 2540 1619 235.

1050 1674 1269 1740 *2295
1358 1677 1579 1740 Enrcus
1627 1677 1944 1740 Sweorum
1992 1678 2466 1756 Gothorumque
2513 1696 2620 1739 rex
2663 1695 2736 1739 ac
2782 1678 3074 1740 dominus
3125 1684 3302 1739 terrae
3349 1678 3572 1739 Scanie
3619 1678 3958 1757 promittit,
4022 1694 4094 1738 se

743 1780 978 1838 litteras
1046 1795 1194 1840 suas
1260 1779 1532 1841 Henrico
1600 1784 1663 1841 et
1718 1780 1969 1842 Alberto
2039 1780 2965 1858 ducibusMagnopolensibus
3036 1796 3226 1861 super
3280 1781 3509 1843 ducatu
3565 1786 3744 1842 terrae
3803 1779 4094 1840 Sundra-

741 1880 1051 1942 hollandie
1106 1898 1447 1943 concessas
1505 1882 1639 1957 (cfr.
1688 1900 1781 1943 nr.
1830 1881 2048 1959 *2283)
2096 1884 2396 1960 sigillatas
2444 1883 2692 1946 Alberto
2749 1885 2811 1943 in
2871 1888 3078 1945 castro
3127 1883 3366 1945 Scanor
3421 1882 3500 1943 ad
3556 1890 3700 1944 octo
3757 1881 3893 1943 dies
3943 1889 4098 1961 post

742 1983 970 2045 festum
1015 1983 1076 2045 b.
1127 1984 1451 2047 Michaelis
1497 1990 2015 2064 praesentaturum
2065 2004 2231 2049 esse.
2275 1986 2469 2047 -—⁴In
2511 1991 2748 2047 civitate
2791 1986 3120 2064 lundensi,
3167 1986 3322 2047 feria
3368 1990 3584 2063 quarta
3629 1986 3786 2046 infra
3834 1990 4096 2045 octavas

742 2088 1137 2147 ascensionis
1183 2087 1455 2151 Domini.
1961 2095 1965 2099 ’

1360 2206 1547 2271 Styffe,
1603 2206 1789 2271 Bldrag
1841 2207 1926 2258 till
1974 2208 2394 2259 Skandlnaviens
2440 2208 2660 2285 historia
2707 2209 2744 2259 l.
2781 2207 3001 2262 36—37.
3075 2208 3284 2265 noller,
3335 2206 3822 2271 Foru-Handlingar
3857 2208 4098 2259 rotunde

1360 2292 1582 2343 Helland
1619 2293 1669 2344 S.
1702 2292 1925 2347 85—86.

1052 2428 1268 2493 *2296.
1362 2428 1666 2493 Nummus
1710 2431 2067 2493 Tauntssou
2126 2436 2190 2491 et
2246 2437 2484 2512 septem
2547 2430 2648 2491 alii
2705 2431 2934 2491 milites
2993 2435 3054 2490 et
3098 2430 3386 2506 armigeri
3433 2423 3834 2509 promittunt,
3897 2446 3969 2490 se
4023 2448 4100 2491 ex

742 2526 918 2611 'parte
976 2530 1210 2594 domini
1271 2532 1367 2593 sui
1428 2532 1590 2594 Erici
1650 2534 1815 2609 regis
1876 2532 2105 2594 Swecie
2165 2534 2414 2595 famulis
2473 2536 2710 2611 aliquot
2753 2532 2986 2595 Alberti
3048 2531 3227 2593 ducis
3271 2528 3787 2610 Magnopolensis
3845 2532 4098 2595 ratione

745 2650 1049 2710 equorum
1095 2636 1159 2695 in
1208 2635 1457 2695 servitio
1505 2636 1670 2711 regis
1732 2634 2193 2713 deperditorum
2241 2638 2615 2713 quingentas
2664 2643 2724 2697 et
2770 2635 2988 2697 decem
3037 2650 3278 2696 marcas
3325 2636 3565 2711 argenti
3609 2635 3770 2696 festo
3817 2634 3879 2695 b.
3931 2635 4099 2695 Galli

746 2742 808 2797 et
851 2735 1011 2797 Lulli
1056 2739 1117 2798 in
1165 2738 1305 2798 villa
1347 2736 1703 2814 Malmeghe
1750 2738 2184 2817 persoluturos
2231 2756 2407 2817 esse,
2456 2740 2582 2816 vel,
2643 2740 2696 2799 si
2744 2738 3087 2817 persolutio
3134 2752 3262 2797 non
3309 2737 3526 2815 fuerit,
3575 2736 3844 2814 LundiS‚
3902 2745 4104 2816 prout

747 2838 1014 2917 obstagii
1060 2841 1250 2903 moris
1298 2841 1501 2919 fuerit,
1550 2841 1887 2901 intraturos
1935 2856 2099 2902 esse.
2149 2874 2233 2885 —
2279 2840 2628 2919 Malmeqhe‚
2678 2842 2831 2901 feria
2877 2846 3050 2902 sexta
3093 2844 3236 2900 ante
3284 2839 3514 2901 festum
3559 2839 3994 2901 pentecostae.

1362 2961 1537 3025 Styfl'e,
1576 2958 1761 3023 Bidrag
1796 2959 1880 3011 tul
1917 2959 2335 3012 Skandlnavlens
2371 2958 2592 3012 historia
2627 2960 2664 3010 l.
2701 2958 2921 3015 38—39.

1052 3095 1269 3162 *2297.
1364 3098 1643 3177 Misenus,
1702 3112 1806 3158 rex
1856 3098 2120 3176 Swecie,
2181 3097 2502 3175 Norwegie
2551 3104 2613 3159 et
2664 3099 2917 3176 Scanie,
2975 3096 3256 3157 Thuroni
3304 3096 3666 3159 Nichlisson
3728 3085 3896 3158 bona
3953 3114 4102 3175 sua,

748 3218 884 3278 quae
942 3199 1093 3261 alias
1142 3200 1516 3261 Benedictus
1566 3200 1910 3262 Aruidzson
1970 3218 2043 3260 ex
2098 3202 2297 3278 gratia
2352 3203 2516 3279 regis
2575 3200 2819 3279 habuit,
2888 3215 3002 3280 pro
3061 3198 3348 3261 ducentis
3404 3200 3632 3261 marcis
3691 3198 4098 3263 denariorum

750 3304 1119 3364 Sweworum
1166 3304 1561 3383 impignorat.
1613 3338 1695 3348 —
1740 3304 1920 3381 Apud
1962 3303 2266 3364 ecclesiam
2313 3304 2618 3382 merum,
2669 3302 2926 3365 sabbato
2974 3302 3311 3364 Trinitatis.

1365 3404 1571 3465 noller,
1622 3404 2107 3470 Foru-Handllngar
2153 3404 2378 3457 rorando
2422 3404 2646 3456 Balland
2694 3406 2744 3457 S.
2775 3404 2856 3459 86.
2939 3404 3053 3457 Udt.
3094 3408 3109 3455 l
3157 3406 3354 3456 svensk
3388 3404 3569 3456 overs.
3606 3406 3623 3454 l
3661 3404 3898 3455 Svenskn
3935 3402 4104 3455 luka-

1365 3489 1638 3543 Archlvets
1678 3491 2132 3556 Pergamentshrer
2165 3491 2201 3542 l.
2238 3491 2321 3545 97.

1058 3625 1275 3691 *2298
1367 3627 1823 3708 WALnsmaus,
1873 3629 2192 3692 Danorum
2241 3630 2732 3707 Sclauorumque
2787 3647 2922 3707 rex,
2977 3628 3284 3707 declarat,
3343 3627 3594 3689 Petrum
3642 3626 3982 3690 Niclesson
4033 3630 4102 3688 in

751 3731 981 3811 placito
1040 3746 1156 3791 suo
1204 3731 1540 3808 justitiario
1598 3732 1857 3793 Palnoni
1912 3732 2187 3793 Jensson
2244 3733 2453 3811 militi,
2513 3734 2858 3794 marscalco
2915 3733 3116 3809 regis,
3179 3732 3412 3792 curiam
3475 3732 3536 3790 in
3585 3728 4104 3807 Waesterbalugh

754 3835 969 3910 sitam,
1029 3831 1148 3894 sibi
1204 3833 1518 3911 quondam
1566 3834 2040 3914 impignoratam
2090 3840 2153 3896 et
2196 3840 2447 3914 postea,
2509 3852 2695 3912 quum
2747 3840 2977 3897 statuto
3025 3841 3305 3913 tempore
3352 3850 3477 3894 non
3527 3832 3850 3911 redempta
3897 3837 4102 3909 esset,

751 3934 1185 4016 adjudicatam,
1235 3942 1541 3998 scotasse.
1590 3971 1671 3981 —
1717 3937 2015 4015 leandrus,
2062 3938 2126 3998 in
2174 3943 2389 3999 octava
2433 3942 2634 4018 apost.
2684 3937 2845 3999 Petri
2893 3943 2954 3999 et
2999 3937 3189 3999 Pauli.

1367 4039 1425 4089 fl.
1465 4039 1679 4099 Matzen,
1720 4039 1828 4091 Den
1867 4038 2065 4090 danske
2099 4035 2369 4091 Panterets
2408 4040 2534 4091 Hist.
2573 4040 2626 4091 S.
2652 4039 2908 4093 469—70.

1060 4175 1277 4242 *2299.
1369 4177 1616 4239 Hernici
1654 4179 1935 4257 episcopi
1972 4174 2409 4238 Roskildensis
2445 4178 2664 4239 litterae
2703 4176 2777 4239 de
2816 4179 3162 4239 scotatione
3192 4176 3504 4239 bonorum
3541 4173 4102 4255 patrimonialium,

753 4278 1039 4342 videlicet
1084 4286 1382 4341 terrarum
1432 4296 1575 4341 cum
1622 4278 1899 4341 aediflciis
1947 4285 2009 4341 et
2052 4280 2445 4360 pertinentiis
2506 4281 2568 4341 in
2623 4281 2829 4359 platea
2871 4280 2991 4341 fori
3036 4279 3113 4341 ad
3162 4282 3462 4342 orientem
3509 4296 3546 4339 a
3589 4278 3776 4340 domo
3825 4276 4104 4356 lapidea,

753 4383 817 4444 in
866 4398 988 4459 qua
1034 4380 1266 4443 habitat
1310 4381 1651 4444 Wernerus
1699 4382 1902 4444 dictus
1948 4382 2257 4462 Pundere,
2306 4385 2585 4461 sitarum,
2633 4383 2706 4444 ab
2754 4382 3008 4445 domino
3054 4382 3338 4445 Johanne
3386 4383 3603 4459 Kraac,
3651 4380 3892 4443 decano
3941 4380 4102 4441 Haf-

754 4486 959 4563 nensi‚
1017 4484 1094 4547 ad
1140 4484 1458 4546 dominum
1509 4484 1877 4546 Nicholaum
1924 4485 2269 4565 Tuchonis,
2329 4488 2702 4548 canonicum
2751 4485 3253 4564 Roskildensem,
3313 4504 3384 4547 ex
3429 4489 3604 4565 parte
3653 4482 3912 4561 capituli
3957 4486 4104 4561 ejus

753 4589 935 4650 facta.
986 4622 1063 4633 —
1112 4588 1429 4665 Roslcildis,
1478 4588 1630 4649 feria
1676 4592 1893 4665 quarta
1935 4603 2111 4668 prox.
2160 4594 2306 4669 post
2349 4588 2511 4649 diem
2558 4589 2618 4650 b.
2667 4588 2895 4651 Kanuti
2940 4589 3106 4665 regis
3131 4594 3216 4650 .et
3259 4589 3550 4649 martiris.

1000 4700 1015 4709 ·
1372 4689 1618 4749 Rei-dam,
1656 4689 2022 4751 Kjebenhavns
2059 4690 2241 4749 Κιτιεῖ
2277 4704 2340 4755 og
2377 4690 2630 4751 Klostere,
2667 4690 2783 4741 Ttll.
2821 4690 2874 4743 S.
2904 4690 3123 4745 16-17.

1065 4826 1284 4892 *2300.
1376 4827 1591 4889 Lunde
1628 4826 1847 4889 Kirkes
1885 4828 2243 4891 Orricuum
2279 4828 2563 4907 bevidne,
2611 4835 2673 4891 at
2718 4846 2795 4890 en
2831 4830 2923 4889 vis
2962 4828 3136 4905 Stigh
3172 4829 3287 4889 har
3320 4826 3595 4889 overladt
3630 4826 4100 4904 Domprovsten

756 4932 777 4991 i
822 4930 1022 5009 Lund‚
1071 4930 1177 4991 Ην.
1224 4930 1399 4993 Niels
1446 4930 1900 5011 Absalonsson‚
1952 4932 2015 4992 til
2062 4930 2232 5008 Brug
2279 4930 2392 4992 ved
2437 4930 2982 5010 Kirkebygningen
3031 4936 3092 4993 et
3134 4931 3258 4993 lille
3305 4930 3438 4992 Hus
3484 4928 3600 4991 ved
3644 4928 4102 4991 Kirkemurens

761 5032 989 5096 sendre
1038 5032 1201 5095 Side.
1252 5068 1332 5079 -—
1378 5032 1446 5093 In
1495 5040 1681 5095 crast.
1728 5033 1789 5095 h.
1839 5034 2262 5096 Bal-tholomei
2308 5039 2509 5113 apost.
3849 5032 4102 5105 (Latina

1376 5136 1491 5189 Udt.
1530 5138 1547 5186 i
1583 5135 1776 5187 svensk
1814 5136 1994 5188 overe.
2033 5140 2049 5187 l
2089 5138 2324 5187 Svenska
2361 5134 2789 5187 Rus-Archivets
2828 5134 3284 5199 Pergamentshret
3317 5136 3351 5185 l.
3391 5133 3505 5187 102.
