4275 5759
438 479 628 547 1314.

317 640 324 646 ,
353 582 436 637 12.
475 582 680 648 septbr.

361 1456 442 1509 17.
481 1455 686 1517 Septhr.

356 1881 442 1936 30.
480 1880 688 1931 Octobr.

414 2308 464 2361 1.
503 2306 689 2356 Novbr.

379 2443 464 2497 22.
503 2442 690 2493 Novbr.

385 3196 468 3250 22.
507 3196 697 3247 Novbr.

389 3724 472 3780 22.
511 3725 698 3776 Novhr.

390 4170 474 4225 23.
511 4170 701 4220 Novbr.

390 4306 474 4361 23.
513 4306 700 4357 Novbr.

430 4647 481 4701 2.
519 4646 700 4698 Decbr.

432 4784 482 4838 5.
519 4783 702 4835 Decbr.

757 312 904 383 164
1997 300 2213 373 KoNo
2266 300 2458 391 me
2513 302 2847 373 Mnxvnn.

1057 578 1278 643 *1074
1367 575 1662 655 Esonaus,
1711 575 2231 655 archiepiscopus
2280 575 2653 653 Lundensis,
2702 580 2921 637 notum
2966 576 3133 654 facit,
3184 592 3251 637 se
3298 576 3362 636 in
3410 574 3681 637 concilio
3729 574 4093 654 provinciali

753 684 851 746 die
897 681 958 745 8.
998 681 1241 763 Septbr.
1279 677 1594 741 celebrato
1641 669 2128 741 constitutiones
2177 676 2427 740 Ottonis
2474 682 2537 739 et
2580 678 2865 755 Gregorii
2911 678 3338 756 cardinalium,
3386 658 3743 755 legatorum'
3780 676 4095 755 quondam

755 786 1038 849 ecclesiae
1054 784 1351 847 Romanas
1377 782 1442 841 in
1466 796 1663 858 regno
1678 780 1908 860 Daciae,
1934 796 2185 843 necnon
2212 780 2695 843 constitutiones
2720 780 3258 860 praedecessorum
3280 796 3535 843 suorum
3555 779 3631 841 de
3650 779 4095 841 reformatione

753 888 1038 951 ecclesias
1064 890 1126 948 et
1154 884 1588 948 emendatione
1619 883 1772 945 cleri
1805 882 2248 962 confirmasse3
2285 882 2509 945 deinde
2548 884 2783 963 statuit,
2820 889 2889 945 ut
2926 883 3156 945 festum
3184 881 3477 945 undecim
3501 881 3763 944 millium
3789 882 4096 960 virginum

753 1006 928 1053 more
962 988 1230 1068 duplicis
1263 988 1409 1050 festi
1431 984 1558 1048 XII.
1586 986 1704 1048 kal.
1733 984 2032 1049 Novemb.
2060 983 2439 1063 celebretur3
2477 984 2746 1063 denique
2782 986 3085 1064 praecipit,
3121 991 3192 1048 ut
3224 984 3631 1063 inquisitores
3667 986 4095 1061 instituantur,

757 1094 862 1173 qui
896 1092 1291 1169 investigent,
1330 1106 1466 1167 quae
1508 1088 1572 1149 in
1606 1088 1878 1151 ecclesia
1912 1088 2302 1151 correctione
2340 1088 2466 1149 sint
2500 1087 2707 1165 digna.
2748 1122 2827 1133 —
2862 1086 3343 1167 Kalendeburyh,
3376 1088 3532 1149 feria
3566 1089 3783 1165 quinta
3818 1088 4101 1167 proxima

755 1200 902 1275 post
945 1194 1322 1257 nativitatem
1369 1191 1641 1268 Virginis
1686 1191 1982 1268 gloriose.

1371 1310 1501 1375 Dipl.
1540 1309 1777 1368 Svecan„
1817 1308 1895 1361 od.
1937 1309 1988 1360 Β.
2017 1308 2075 1361 Ε.
2108 1308 2427 1361 Hildebrand
2464 1308 2549 1360 lll.
2586 1306 2841 1363 180—81.

1065 1448 1282 1514 *1075
1374 1448 1558 1524 Kong
1613 1446 1763 1510 Emit
1815 1446 2009 1526 hyder
2064 1445 2495 1525 lndbyggerne
2550 1446 2573 1508 i
2625 1446 2887 1509 Harrien
2945 1452 3008 1507 at
3072 1444 3187 1524 yde
3246 1445 3595 1509 Proesterne
3651 1445 3836 1507 deres
3898 1445 4101 1506 {lente

761 1554 900 1616 med
951 1553 1070 1615 den
1121 1551 1494 1627 saedvanlige
1542 1557 1712 1613 store
1759 1550 2064 1629 Skjaeppe.
2113 1582 2198 1595 —
2240 1548 2544 1629 Scenlosoe,
2590 1549 2651 1613 3.
2700 1547 2853 1610 feria
2896 1554 3040 1610 ante
3085 1550 3312 1611 festum
3358 1547 3654 1611 Matthaei.

1374 1649 1491 1788 ι11113..
1518 1654 1557 1788 1¹
1581 1649 1846 1790 Ιίἲξοωῑ,
1883 1650 2066 1701 Danm.
2105 1649 2261 1715 ngcs
2298 1650 2455 1702 Krsn.
2494 1650 2546 1702 S.
2576 1649 2679 1705 376
2714 1649 3017 1715 (Kvartudg.
3057 1650 3139 1701 nl.
3176 1649 3300 1715 195)
3340 1662 3405 1714 og
3438 1653 3458 1701 1
3495 1650 3836 1701 Monumenta
3866 1650 4103 1701 Livonlae

1067 1872 1287 1940 *1076.
1380 1873 1562 1951 Kong
1629 1872 1812 1936 Enms
1878 1872 2254 1935 Voernebrev
2318 1874 2418 1934 for
2480 1874 2629 1936 flere
2696 1874 2763 1935 af
2824 1872 3213 1949 Hertugerne
3280 1874 3425 1934 Erik
3499 1890 3579 1949 og
3650 1871 3978 1935 Valdemar
4045 1872 4114 1932 af

763 1980 1049 2057 Sveriges
1095 1975 1320 2041 Maend.
1369 2010 1453 2022 —
1494 1975 1794 2053 sebar-riq,
1841 1976 1996 2037 feria
2037 1974 2101 2039 4.
2149 1980 2293 2037 ante
2340 1977 2618 2039 omnium
2666 1977 3059 2040 Sanctorum.

1374 2077 1493 2129 Udt.
1531 2079 1548 2128 l
1584 2077 1858 2137 va'eldt,
1906 2077 2090 2128 Danm.
2129 2076 2285 2140 nges
2324 2077 2482 2129 Kron.
2522 2078 2571 2127 S.
2602 2074 2707 2132 377
2746 2078 3048 2141 (Kvartudg.
3088 2077 3169 2128 lll.
3208 2076 3493 2137 195-96·,
3542 2080 3559 2127 l
3604 2076 3788 2137 Lisch,
3835 2075 4107 2127 Urknnd.-

1378 2162 1594 2215 Samml.
1622 2178 1665 2214 z.
1697 2163 1884 2215 Gesch.
1915 2162 1963 2214 d.
1995 2162 2205 2215 Geschl.
2235 2177 2282 2214 v.
2314 2163 2569 2214 Haltzahn
2600 2162 2635 2215 1.
2666 2162 2770 2217 219
2798 2176 2863 2227 og
2895 2166 2912 2214 l
2939 2162 3194 2228 Rydberg,
3228 2162 3451 2226 Sverges
3479 2163 3749 2214 Traktater
3776 2161 3810 2212 1.
3842 2160 4134 2250 383—843

1101 2300 1286 2367 1797,
1379 2299 1626 2362 Sejdelln,
1665 2300 2103 2365 Dlplomatarlum
2142 2300 2561 2365 Flensborgense
2600 2300 2634 2349 Ι.
2674 2298 2892 2354 18-19.

1069 2437 1289 2503 *1077.
1381 2438 1625 2517 Gwmo,
1686 2438 1963 2500 decanus
2018 2437 2376 2500 Lundensis
2435 2443 2497 2499 et
2554 2438 2721 2499 Erici
2778 2437 2945 2513 regis
3006 2436 3193 2498 Dacie
3256 2436 3699 2515 cancellarius,
3768 2434 3845 2498 ad
3912 2436 4112 2497 altare

763 2544 958 2606 beatae
1007 2542 1214 2603 Mariae
1261 2540 1644 2617 Magdalenoe
1690 2541 1752 2601 in
1807 2540 2077 2601 ecclesia
2120 2539 2287 2601 beati
2333 2540 2645 2603 Laurentii
2692 2538 2927 2601 Lundis
2984 2540 3047 2599 in
3106 2540 3305 2618 cripta
3357 2537 3525 2600 bona
3572 2556 3683 2601 sua
3728 2540 3791 2600 iu
3840 2539 4111 2599 Gorms-

765 2648 952 2725 thorp
1009 2646 1070 2705 in
1126 2644 1427 2723 parochia
1475 2642 1830 2720 Quithbillae
1887 2645 1952 2703 in
1998 2641 2351 2722 Hallandia,
2409 2659 2597 2706 unam
2656 2642 2891 2704 curiam
2948 2644 3011 2703 in
3058 2643 3277 2721 Iloygh
3333 2643 3397 2703 in
3445 2641 3988 2717 Harthagrehaeret
4048 2649 4115 2701 et

767 2765 952 2811 unam
1023 2749 1258 2809 curiam
1335 2746 1398 2805 in
1464 2744 1852 2823 'l'othathorp
1929 2746 1994 2806 in
2061 2745 2432 2807 Baraehaeret
2496 2750 2643 2825 post
2718 2748 2981 2806 mortem
3065 2761 3243 2808 suam
3322 2746 3519 2821 legat,
3604 2761 3677 2805 ea
3744 2741 4115 2804 conditione

767 2858 837 2915 ut
891 2852 954 2913 in
1013 2850 1285 2928 qualibet
1340 2848 1688 2928 septimana
1743 2851 2036 2927 quattuor
2089 2847 2300 2909 missae
2368 2846 2447 2909 ad
2503 2848 2626 2910 hoc
2684 2847 2874 2909 altare
2932 2845 3239 2909 dicantur.
3301 2880 3379 2891 -
3430 2846 3688 2924 Laudis,
3758 2846 3821 2905 in
3880 2843 3981 2905 die
4044 2846 4113 2906 b.

769 2954 1001 3017 Cecilie
1046 2953 1330 3030 virginis.
2816 2973 2821 2977 ·

1383 3053 1512 3119 Dlpl.
1552 3053 1790 3113 Svecan„
1829 3052 1909 3104 ed.
1947 3053 2000 3104 B.
2029 3053 2084 3104 E.
2118 3051 2441 3105 Hssdebrand
2474 3052 2559 3105 Ill.
2596 3050 2852 3108 186-88.

1075 3191 1292 3257 *1078.
1385 3191 1617 3269 Gwroo,
1666 3190 1944 3253 decanus
1989 3189 2346 3254 Lundensis
2394 3196 2455 3253 et
2501 3191 2667 3252 Erici
2712 3190 2879 3267 regis
2914 3190 3105 3253 Dacie
3154 3190 3587 3269 cancellarius,
3636 3206 3821 3253 unam
3868 3189 4119 3250 curiam

769 3299 832 3359 in
885 3296 1283 3375 Dausthorpp
1340 3295 1417 3355 ad
1477 3311 1632 3357 usus
1689 3291 2020 3356 duodecim
2069 3293 2453 3357 scholarium
2508 3292 3077 3373 praebendariorum
3136 3293 3199 3354 in
3256 3293 3529 3355 ecclesia
3583 3292 3749 3353 beati
3792 3291 4119 3353 Laurentii

770 3398 1006 3460 Lundis
1051 3398 1351 3474 assignat.
1402 3432 1479 3443 -
1527 3396 1779 3475 Lundis,
1827 3396 1891 3457 in
1937 3395 2036 3457 die
2081 3397 2143 3458 b.
2193 3396 2424 3458 Cecilie
2470 3396 2747 3473 virginis.

1386 3498 1524 3567 Dlpl.
1573 3498 1822 3559 Svecan„
1878 3497 1957 3550 ed.
2011 3498 2065 3549 Β.
2103 3498 2161 3550 Ε.
2200 3498 2522 3551 lilldebrand
2582 3498 2665 3550 ΙΙΙ.
2722 3496 2975 3553 188-89.
3076 3497 3249 3558 metz,
3307 3496 3544 3549 Skanska
3596 3495 3925 3548 skolvasend.
3986 3494 4123 3547 hist.

1389 3584 1440 3634 S.
1472 3582 1572 3637 198
1591 3584 1725 3637 -99,

1077 3720 1299 3785 *1079.
1392 3722 1623 3800 Gwmo,
1672 3721 1950 3783 decanus
1989 3721 2346 3785 Lundensis
2392 3728 2453 3784 et
2490 3722 2657 3783 Erici
2704 3724 2871 3801 regis
2908 3722 3113 3783 Daciae
3155 3721 3587 3799 cancellarius,
3634 3736 3822 3782 unam
3872 3720 4123 3781 curiam

771 3827 834 3886 in
903 3824 1202 3904 parochia
1265 3823 1430 3885 beati
1487 3822 1650 3886 Petri
1707 3825 1770 3884 in
1840 3825 2043 3903 platea
2097 3825 2220 3886 lata
2275 3824 2509 3886 Lundis
2566 3824 2646 3886 ad
2700 3841 2857 3888 usus
2911 3826 3123 3888 vicarii
3191 3824 3401 3885 altaris
3468 3823 3633 3885 beati
3690 3822 3993 3903 Stephani
4052 3824 4123 3883 in

774 3928 1042 3991 ecclesia
1084 3926 1250 3988 beati
1294 3927 1608 3989 Laurentii
1653 3925 1889 3988 Lundis
1936 3929 2237 4004 assignat.
2291 3962 2363 3971 —-
2415 3926 2665 4005 Lundis,
2712 3929 2777 3989 in
2823 3928 2923 3990 die
2968 3926 3029 3994 b.
3080 3928 3308 3989 Cecilie
3356 3928 3631 4003 virginis.

1387 4028 1519 4094 Dipl.
1558 4029 1796 4089 Svccan„
1835 4028 1916 4079 ed.
1956 4029 2008 4079 Β.
2038 4029 2094 4079 Ε.
2126 4028 2447 4081 Hssdebrand
2481 4029 2562 4081 ΙΙΙ.
2604 4028 2721 4083 189.

1111 4165 1296 4231 1799,
1387 4165 1518 4230 Dlpl.
1557 4166 1794 4226 Svecan„
1834 4165 1911 4218 ed.
1953 4166 2004 4217 B.
2034 4166 2090 4218 Ε.
2123 4166 2443 4219 Hssdebrand
2481 4167 2562 4218 lll.
2600 4166 2853 4221 190—91.
2923 4168 3101 4231 Bring,
3145 4167 3376 4218 Bonum.
3416 4167 3569 4217 Scan.
3607 4165 3666 4217 11.
3702 4162 3926 4219 92-94.

1077 4302 1296 4369 *108o
1388 4304 1548 4365 Grev
1591 4305 1793 4367 Aootr
1840 4305 1906 4365 af
1943 4304 2208 4365 Holsten
2254 4304 2425 4366 lover
2468 4310 2531 4366 at
2574 4305 2908 4368 overholde
2957 4305 3060 4367 det
3106 4304 3342 4383 Forlig,
3396 4320 3535 4366 som
3579 4303 3762 4379 Kong
3806 4302 3953 4363 Erik
4004 4302 4126 4363 har

775 4408 970 4469 stiftet
1014 4407 1260 4468 mellem
1307 4407 1450 4468 ham
1498 4423 1580 4483 og
1625 4406 1784 4468 hans
1831 4406 2175 4469 Farbroder
2220 4406 2561 4470 Johannes.
2614 4442 2691 4453 —-
2738 4408 3045 4487 Pom-dm,
3094 4406 3194 4470 die
3238 4407 3299 4469 b.
3352 4408 3716 4469 Clementis.

1388 4507 1504 4561 Udt..
1540 4510 1560 4559 l
1594 4508 1858 4569 Baucide,
1897 4508 2081 4559 Danm.
2119 4509 2277 4573 Riges
2313 4507 2470 4561 Kron.
2510 4510 2564 4561 S.
2594 4509 2696 4565 377
2733 4508 3033 4576 (livartudg.
3076 4510 3159 4561 ΙΙΙ.
3198 4508 3337 4574 196).

1113 4644 1299 4709 1800,
1392 4645 1520 4710 Dlpl.
1559 4646 1797 4707 Svecnn„
1836 4646 1916 4697 ed.
1954 4647 2008 4697 B.
2039 4646 2094 4699 Ε.
2125 4646 2447 4698 Hildebrand
2488 4647 2569 4698 lll.
2608 4647 2724 4702 192.

1082 4780 1299 4848 *1081.
1393 4783 1608 4847 Enicas
1655 4782 1976 4846 Danorum
2023 4785 2505 4863 Sclavorumque
2554 4802 2661 4848 rex
2705 4784 2951 4847 fabricas
2999 4784 3285 4847 ecclesioe
3326 4801 3378 4846 s.
3404 4784 3719 4845 Laurentii
3756 4782 4125 4845 Lundensis

773 4891 974 4948 terras
1022 4885 1322 4963 quasdam
1378 4886 1438 4947 in
1493 4886 1944 4966 Haqaensthorp
2003 4889 2177 4949 mark
2233 4888 2387 4949 sitas
2446 4890 2505 4948 in
2556 4888 3149 4950 Harthakraeshaeret
3206 4888 3269 4947 in
3321 4888 3550 4967 placito
3601 4902 3719 4949 suo
3758 4888 4127 4965 justiciario

775 4987 1104 5067 adjudicat.
1161 5024 1222 5033 --
1285 4988 1802 5066 Haezsinqabuqu,
1849 4990 1912 5050 in
1961 4992 2240 5068 profesto
2286 4990 2347 5051 b.
2396 4990 2680 5053 Nicholai
2730 4991 3137 5053 confessoris

1393 5090 1521 5155 Dtpl.
1561 5091 1798 5150 Svecan„
1837 5091 1915 5142 ed.
1955 5091 2007 5141 Β.
2037 5092 2095 5143 Ε.
2125 5092 2445 5143 Hildcbrand
2479 5092 2559 5145 lll.
2602 5093 2715 5146 757.
