4275 5759
1235 352 1454 427 Kone
1507 352 1906 427 VALnsmss
1951 376 2092 427 nnn
2146 358 2417 430 ΑΝΒΕΝ.
3383 362 3485 435 45

3611 523 3794 595 1224.

542 630 686 695 701,
779 626 1288 693 nenonhurgisches
1322 627 1657 680 Urkundenb.
1696 629 1732 680 1.
1769 628 2023 683 290—92.
2093 630 2429 682 Urkundenb.
2472 630 2519 681 d.
2560 631 2706 683 Stadt
2741 628 2953 682 Lubeck
2988 631 3023 681 1.
3061 631 3281 686 29-31.
3354 632 3485 685 Has·
3556 632 3603 687 4.
3640 633 3781 685 Julil.

777 714 989 767 selbacb
1026 728 1078 765 u.
1115 714 1450 779 Kosegarten,
1489 712 1664 765 Codex
1701 714 1970 766 Pomeran.
2009 714 2223 781 diplom.
2261 717 2297 768 Ι.
2334 714 2587 771 348—50.
2642 717 2816 775 Lisch,
2855 716 3087 769 Urkund.
3127 732 3168 767 z.
3208 718 3395 769 Gescb.
3436 718 3482 769 d.

781 800 1120 853 Geschlecbts
1156 800 1292 851 Behr
1326 800 1364 851 1.
1402 800 1619 854 10—13.
1675 800 1980 865 Brudstykk.
2019 805 2037 853 l
2080 801 2255 861 Lisch,
2294 802 2647 866 Meklenburg.
2683 800 2967 854 Urltunden
3008 802 3087 853 ΙΙΙ.
3127 802 3209 863 75,
3249 802 3486 867 Lappen-

777 887 921 952 berg,
958 886 1397 951 {lamburgisches
1432 884 1770 939 Urkundenb.
1806 886 1843 938 1.
1880 886 2000 947 419,
2038 887 2590 947 Hulllard-Brebolles,
2627 887 2855 938 Historia
2890 886 3223 952 diplomatica
3242 887 3489 941 Friderici

781 971 1001 1024 secundi
1037 971 1098 1031 ll,
1135 971 1183 1025 2.
1222 972 1273 1022 S.
1312 969 1564 1033 798—99,
1602 971 1895 1031 Fabricius,
1935 972 2166 1023 Urknnd.
2188 988 2229 1023 z.
2252 972 2670 1037 Gesch.R1·1gens
2690 972 2903 1027 11.5—6
2938 986 3001 1037 og
3038 975 3054 1023 l
3093 974 3486 1025 Pommersches

777 1057 1112 1110 urkundenb.
1158 1057 1194 1108 1.
1240 1056 1357 1111 166.
1428 1056 1605 1109 Dansk
1647 1057 1824 1108 Overs.
1873 1060 1890 1108 l
1933 1056 2178 1109 Vidensk.
2226 1058 2392 1110 Selsk.
2440 1058 2557 1111 Skr.
2600 1056 2657 1109 V.
2684 1058 2883 1111 Raekke
2932 1058 3219 1124 Uist-phil.
3257 1059 3369 1110 Md.
3407 1058 3485 1111 IV.

779 1143 1029 1197 108—11.
1101 1143 1278 1195 Dansk
1310 1143 1425 1194 Udt.
1463 1146 1480 1194 l
1517 1142 1704 1203 Suhm,
1743 1143 1873 1194 illst.
1911 1144 1967 1193 af
1997 1144 2181 1195 Danm.
2218 1144 2299 1195 lx.
2337 1143 2597 1199 466-71.
2666 1143 2973 1207 Brudstykk.
3010 1147 3029 1195 i
3064 1144 3217 1209 tydsk
3253 1145 3431 1197 Overs.
3471 1148 3487 1195 i

777 1230 1022 1294 Usinger,
1069 1228 1582 1281 Danaen-mische
1627 1228 1814 1281 Gescb.
1863 1230 1916 1279 S.
1960 1228 2215 1283 320-27.
2288 1229 2459 1293 Tydsk
2492 1229 2607 1281 Udt.
2645 1232 2663 1279 l
2699 1230 2992 1281 Dablmann
3014 1270 3026 1291 ,
3086 1230 3269 1283 Gescb.
3318 1230 3487 1281 Dane-

781 1316 958 1367 marks
994 1314 1031 1367 1.
1066 1312 1320 1393 382-84.

516 1418 690 1485 *186.
779 1418 1086 1482 Honomus
1133 1417 1365 1493 (muns)
1427 1433 1590 1497 papa
1633 1416 1893 1496 Ripensi
1953 1423 2015 1479 et
2070 1418 2469 1498 wibergensi
2514 1420 2829 1498 episcopis
2877 1416 3155 1497 mandat,
3216 1423 3285 1481 ut
3341 1435 3485 1480 ces·
3556 1429 3638 1484 13.
3676 1430 3815 1481 lulli.

219 1523 422 1585 sionem
466 1527 869 1602 spontaneam
916 1522 1197 1601 episcopi
1242 1520 1623 1599 Arusiensis,
1673 1522 1778 1597 qui
1821 1538 2008 1583 usum
2054 1521 2308 1584 alterius
2366 1521 2529 1583 oculi
2589 1523 2886 1599 amiserit,
2934 1521 3127 1583 altero
3172 1538 3300 1583 non
3346 1538 3485 1583 mo-

219 1622 392 1686 dicum
433 1625 752 1704 caligante,
799 1624 1127 1703 recipiant,
1175 1622 1252 1684 de
1299 1620 1639 1685 redditibus
1686 1624 1989 1703 episcopii
2019 1623 2385 1702 provideant
2414 1630 2477 1687 et
2504 1624 2775 1704 capitulo
2812 1624 3138 1687 Arusiensi
3183 1623 3302 1685 sibi
3346 1624 3488 1685 novi

218 1727 457 1808 episcopi
497 1727 765 1806 eligendi
808 1727 1123 1789 licentiam
1166 1724 1456 1788 tribuant.
1507 1759 1584 1771 —
1631 1724 1936 1806 Laterani,
1984 1725 2084 1789 111.
2132 1726 2273 1791 idus
2319 1726 2463 1807 Jul„
2509 1744 2566 1789 a.
2613 1726 2773 1789 vnl.

779 1829 897 1882 Udt.
934 1832 952 1880 l
987 1826 1231 1887 Por-than,
1269 1829 1514 1879 Accessio
1551 1828 1604 1879 S.
1641 1826 1858 1882 18-19.

517 1930 692 1996 ’.187
789 1932 1088 1995 Hssmcus
1144 1948 1251 1993 rex
1295 1931 1530 2008 Angliae
1586 1930 1848 1993 baillivis
1906 1931 1981 1992 de
2039 1931 2404 1997 Jernemuth
2450 1932 2721 2011 mandat,
2769 1944 2841 1995 ut
2884 1949 3103 1994 navem
3147 1932 3489 1995 Richewini
3556 1944 3645 1999 23.
3676 1944 3817 1996 lum.

219 2032 280 2095 de
317 2033 476 2115 Ripis
517 2036 884 2101 mercatoris
941 2032 1017 2096 de
1062 2033 1517 2097 Denemarchia
1570 2034 1634 2095 in
1681 2039 1868 2114 portu
1926 2050 2042 2097 suo
2097 2034 2459 2097 arrestatan‘i
2516 2034 2594 2096 ad
2652 2040 2860 2116 partes
2919 2037 3057 2113 ejus
3117 2035 3284 2097 abire
3340 2052 3485 2115 per-

217 2137 439 2201 mittant.
483 2170 562 2183 -·
605 2138 786 2217 Apud
829 2136 1180 2213 Bedlford),
1229 2134 1438 2199 XXIII.
1487 2136 1585 2199 die
1631 2136 1794 2215 sulii,
1843 2152 2008 2199 anno
2055 2136 2183 2201 8v0.

779 2239 965 2303 Hardy,
1004 2237 1180 2290 Rutuli
1214 2238 1512 2290 litterarum
1548 2238 1851 2291 clausarum
1886 2239 1925 2290 Ι.
1962 2238 2079 2299 613,
2117 2238 2234 2295 638.

550 2342 696 2408 702.
787 2350 906 2402 For
952 2341 1405 2405 Siesvicensem
1449 2348 1562 2400 laes
1609 2342 2124 2420 (sleuvicensem).
3556 2353 3639 2407 31.
3676 2353 3815 2404 lum.

784 2442 1294 2507 neuenburgisches
1331 2443 1666 2497 urkundenb.
1705 2445 1741 2496 1.
1777 2444 1896 2499 294.
2570 2466 2576 2473 ·

521 2548 696 2615 ’188.
789 2548 1128 2625 (flammeus)
1184 2564 1291 2609 rex
1335 2547 1570 2624 Angliae
1625 2547 1862 2610 ballivis
1907 2553 2127 2628 portus
2174 2519 2537 2611 Jememut'h
2583 2530 2865 2625 mandat,
2918 2552 2989 2610 ut
3032 2564 3252 2612 omnes
3296 2563 3485 2609 naves
3554 2558 3640 2613 23.
3675 2558 3915 2621 Augusti.

219 2652 493 2713 venientes
535 2654 598 2713 in
643 2656 894 2731 portum
939 2650 1299 2712 Jernemuth
1347 2667 1490 2713 cum
1533 2650 1941 2719 mercandisis
1999 2650 2074 2713 de
2122 2650 2333 2713 Scotia
2386 2655 2448 2713 et
2502 2650 2578 2713 de
2629 2650 2954 2727 Norwegia
3012 2656 3075 2713 et
3118 2650 3385 2712 Islandia
3428 2658 3491 2713 et

217 2750 514 2816 Frislandia
557 2762 620 2817 et
661 2754 740 2815 de
785 2752 1068 2831 Colonia,
1115 2751 1190 2814 de
1235 2758 1402 2814 terra
1446 2754 1610 2829 regis
1657 2754 1846 2815 DAcis
1901 2759 1964 2816 et
2018 2754 2094 2815 de
2150 2752 2432 2833 partibus
2477 2754 2600 2816 illis
2648 2752 3049 2817 orientalibus
3108 2755 3241 2815 sine
3287 2754 3487 2833 impe-

219 2850 454 2918 dimento
495 2857 661 2920 abire
706 2856 1083 2937 permittant.
1130 2889 1214 2899 —
1257 2854 1437 2933 Apud
1479 2854 1743 2933 ιοηᾱοη,
1794 2855 2000 2918 XXIII.
2049 2854 2149 2918 die
2197 2857 2480 2935 Augusti,
2527 2872 2693 2919 anno
2740 2858 2914 2932 regni
2960 2858 3159 2918 nostri
3203 2854 3361 2917 vm.

781 2956 965 3022 liar-dy,
1004 2956 1178 3008 Rotull
1215 2957 1510 3009 litterarum
1545 2957 1846 3010 clausarum
1883 2958 1920 3009 l.
1955 2957 2074 3017 617,
2095 2957 2211 3012 642.
2266 2958 2621 3023 Lappenberg,
2664 2957 2849 3010 Gesch.
2888 2957 2936 3009 d.
2973 2958 3289 3010 hansiscben
3312 2956 3486 3009 Stabl-

781 3044 930 3095 hotes
966 3045 1020 3093 in
1057 3041 1292 3103 London,
1329 3042 1560 3094 Urknnd.
1600 3044 1650 3093 S.
1690 3044 1906 3098 10—11.
1978 3044 2313 3109 Dlplomatar.
2352 3045 2590 3096 islandic.
2634 3046 2665 3095 Ι.
2704 3044 2821 3099 482.

548 3145 692 3212 703,
783 3147 1074 3210 Scriptores
1109 3158 1286 3197 rerum
1323 3146 1691 3198 Livonicarum
1737 3148 1772 3198 l.
1820 3146 1937 3201 394.
2009 3147 2207 3212 Bunge,
2245 3147 2415 3207 Liv.-,
2464 3147 2640 3198 Esth.-
2677 3162 2729 3197 u.
2768 3147 3017 3199 Curland.
3063 3146 3398 3198 Urkundenb.
3447 3146 3482 3197 1.
3551 3152 3633 3206 31.
3674 3151 3853 3202 Decbr.

787 3230 1004 3287 ’ΖΒ-75.
1076 3232 1398 3295 Turgeniew,
1446 3230 1706 3284 Histoi-ica
1751 3232 1905 3312 Russ.
1961 3235 2178 3285 monim.
2224 3232 2261 3284 1.
2309 3232 2389 3287 15.
2461 3233 2780 3285 Hasselbacb
2826 3246 2879 3283 n.
2926 3233 3272 3296 Kosegarten‚
3311 3232 3485 3283 Codex

786 3316 986 3369 Pomer.
1021 3316 1236 3385 diplom.
1272 3317 1309 3367 1.
1345 3316 1598 3373 361—62.

527 3418 700 3487 *189.
789 3420 1062 3497 Pauus)
1128 3420 1482 3483 Lundensis
1554 3422 2066 3502 archiepiscopus
2135 3420 2441 3501 judicium
2508 3422 2571 3483 in
2629 3438 2820 3485 causa
2885 3419 2960 3483 de
3019 3420 3276 3485 decimis
3330 3422 3493 3483 inter

225 3520 510 3583 ecclesiam
573 3522 987 3586 Lubicensem
1054 3528 1116 3585 et
1180 3522 1592 3587 Giselbertum
1663 3524 1970 3601 quendam
2035 3523 2551 3587 molendinarium
2638 3541 2850 3587 coram
2928 3539 2997 3587 se
3064 3531 3126 3586 et
3190 3525 3490 3605 episcopo

223 3618 444 3699 flywaro
482 3626 542 3687 in
587 3625 760 3688 curia
802 3626 969 3703 regis
1015 3630 1276 3689 tractata
1318 3628 1696 3706 pronuntiat.
1743 3662 1828 3673 -
1869 3627 2018 3689 Sine
2065 3641 2254 3687 anno.

783 3728 1066 3789 Leverkus.
1103 3728 1440 3781 Urkundenb.
1479 3728 1531 3785 d.
1568 3729 1837 3782 Bistbums
1873 3728 2086 3781 Lubeck
2120 3728 2156 3779 l.
2192 3728 2276 3782 55.

553 3828 678 3898 704
721 3847 792 3896 se
835 3829 1013 3897 *224.
1100 3812 1108 3824 ⁸

1716 4039 1966 4124 1225.
2264 4098 2275 4107 -
3613 4054 3797 4123 1225.

555 4207 696 4273 705,
791 4207 1093 4273 Brudstykk.
1129 4211 1148 4260 i
1183 4208 1526 4272 Lagei-bring,
1567 4208 1701 4259 Svea
1735 4207 1888 4260 lees
1924 4208 2054 4260 Hist.
2092 4207 2151 4259 ΙΙ.
2189 4207 2305 4261 450.
2375 4207 2499 4258 Jvfr.
2538 4205 2801 4267 Potthast,
2852 4205 3069 4269 Regesta
3112 4205 3344 4270 pontific.
3381 4202 3486 4257 Ro·
3555 4211 3637 4265 10,
3674 4211 3913 4275 Augusti.

786 4306 987 4345 manor.
1027 4290 1363 4348 1198—1304
1397 4293 1434 4344 1.
1471 4292 1587 4347 642.

549 4392 696 4461 7OE-
785 4396 902 4449 Udt.
940 4400 957 4447 i
993 4396 1238 4457 Porthan,
1275 4396 1521 4449 Accessio
1557 4396 1607 4447 S.
1647 4395 1728 4450 19.
3556 4407 3637 4461 12,
3674 4406 3913 4470 Augugu,

455 4524 460 4529 ·
531 4499 698 4565 *190.
789 4499 1208 4563 Condiciones
1253 4500 1730 4580 compositionis
1789 4498 1865 4561 de
1910 4499 2273 4563 liberatione
2330 4516 2546 4576 regum
2595 4498 2911 4559 Danorum
2956 4513 2993 4557 a
3036 4500 3207 4575 parte
3254 4496 3489 4557 Danica
3523 4510 3657 4561 Ante
3674 4507 3721 4561 1.
3742 4508 3929 4559 Novbr.

227 4602 543 4677 proposito..
585 4636 666 4648 —
710 4604 858 4665 Sine
900 4617 1064 4663 anno
1111 4607 1173 4663 et
1215 4601 1334 4663 die.

790 4704 1298 4768 Meklenburgisches
1335 4704 1669 4755 Urkundenb.
1707 4704 1742 4755 1.
1779 4702 2070 4759 305-306.
2123 4704 2431 4768 Brudstykk.
2468 4706 2485 4754 i
2522 4700 2672 4767 tydsk
2690 4702 2867 4754 overs.
2904 4702 2922 4752 1
2957 4700 3193 4764 Uslnger,
3232 4698 3488 4751 Deutscb-

787 4790 1036 4842 danisehe
1083 4789 1396 4841 Gescblchte
1441 4791 1491 4841 S.
1539 4789 1792 4844 344-46.
1866 4791 1963 4842 Om
2007 4789 2171 4841 Tlden
2226 4803 2285 4840 se
2328 4787 2774 4840 Paluda-Mulier
2820 4790 2835 4837 l
2881 4786 3123 4838 Vidensk.
3171 4785 3335 4837 Selsk.
3374 4785 3487 4837 Skr.

788 4875 845 4928 V.
883 4875 1069 4927 Raekke
1103 4874 1393 4940 Risu-phil.
1429 4874 1541 4927 Afd.
1581 4875 1659 4927 lv.
1699 4875 1813 4929 116.

565 4978 704 5043 707,
795 4976 1302 5042 Heklenburgiscbes
1337 4978 1674 5029 Urknndenb.
1713 4979 1748 5029 l.
1784 4978 2069 5034 305—308.
2125 4976 2460 5030 urkundenb.
2498 4976 2548 5027 d.
2586 4974 2734 5027 Stadt
2766 4974 2979 5027 Lfibeck
3012 4973 3047 5024 1.
3083 4972 3301 5027 33—35.
3354 4972 3484 5023 flas·
3555 4978 3636 5033 17,
3674 4978 3857 5029 Novhr.

790 5063 999 5115 selbach
1034 5078 1086 5114 u.
1121 5063 1468 5127 Kosegarten.
1507 5063 1680 5115 Codex
1715 5066 1912 5117 Pomer.
1950 5065 2072 5131 dipl.
2110 5065 2149 5115 1.
2184 5062 2438 5118 364-65.
2508 5060 2716 5127 Brudst.
2753 5064 2772 5113 i
2808 5058 3167 5124 Lappenberg,
3204 5058 3485 5121 Hamburg.

789 5147 1121 5200 urkundenb.
1160 5150 1197 5200 l.
1233 5148 1486 5203 420—21.
1558 5150 1732 5201 Dansk
1769 5151 1945 5203 Overs.
1994 5155 2011 5201 i
2058 5150 2301 5202 Vidensk.
2340 5149 2505 5203 Selsk.
2545 5146 2655 5198 Skr.
2710 5146 2767 5197 V.
2805 5145 2991 5197 Raekke
3041 5142 3327 5208 Hist.-phil.
3372 5142 3483 5194 Μὰ.
