4275 5759
1481 328 2168 453 MnLLsMRnonnm'o.
3363 379 3510 451 243

213 650 494 715 mandans.
569 684 640 695 ψ
712 649 1085 729 Rae-ebora&
1165 650 1322 713 teria
1385 650 1674 713 secunda·
1731 652 2011 732 proxima
2077 658 2224 733 post
2292 650 2701 729 dominicam,
2784 668 2905 729 qua
2972 656 3255 716 cantatur
3318 652 3511 729 Quasi

216 754 367 817 modo
407 754 593 829 geniti
641 752 934 815 infantes.

783 854 915 917 Dtpl.
947 854 1185 915 svesan„
1219 854 1300 906 ed.
1334 855 1386 904 Β.
1405 854 1462 905 E.
1485 854 1806 939 nudobrand
1833 855 1913 907 ιν.
1942 854 2198 909 555—57.
2272 826 2615 908 urkundenb.
2650 854 2698 905 d.
2732 855 2881 920 stadt
2908 856 3117 907 Labeon
3146 857 3203 908 n.
3232 856 3520 911 sos-606.

761 939 1302 1005 ,Menenhurglsches
1337 938 1676 993 Urkundenb.
1715 942 1796 993 tx.
1833 941 2054 1021 26-27.

480 1063 696 1129 *1699.
786 1063 950 1126 Τυκο
985 1061 1309 1123 Wumsznn
1356 1062 1620 1138 nuntiat,
1670 1078 1737 1123 se
1786 1061 2155 1125 consulibus
2194 1068 2256 1123 et
2288 1050 2529 1125 villanis
2584 1061 3251 1138 Swineburghensihus
3290 1063 3520 1125 Struae-

222 1167 468 1246 byaergh,
523 1164 934 1243 Dronigholm
993 1168 1055 1225 et
1100 1162 1518 1241 Scathegateh
1572 1163 1804 1243 byygth
1863 1182 2006 1227 cum
2062 1166 2458 1243 pertinentiis
2519 1182 2633 1247 pro
2691 1163 2779 1227 40
2822 1166 3050 1227 marcis
3097 1165 3235 1247 puri
3282 1166 3519 1241 argenti

223 1275 480 1349 perpetuo
523 1267 908 1349 possidenda
953 1271 1257 1328 scotasse.
1307 1298 1386 1309 ——
1435 1264 1502 1327 ln
1547 1267 1710 1330 festo
1757 1268 2157 1330 inuencionis
2205 1274 2419 1329 sancte
2470 1267 2715 1329 Crucis,

789 1356 1105 1431 Blandin'ger
1141 1368 1220 1419 fra
1257 1368 1389 1419 Sors
1423 1367 1484 1421 11.
1520 1367 1741 1429 31—38.
1814 1368 2153 1439 Aktstykker.
2180 1369 2303 1435 udg.
2340 1369 2396 1421 at*
2427 1370 2590 1433 Fyens
2627 1369 2704 1420 nt.
2743 1369 2911 1422 Selsk.
2950 1368 2985 1420 1.
3024 1367 3105 1423 98.

510 1489 700 1555 2148,
794 1488 1107 1552 Blandinger
1142 1487 1221 1538 tra
1257 1487 1390 1539 Sors
1425 1487 1486 1538 11.
1521 1486 1606 1541 38.
1879 1452 1888 1463 ²

513 1609 702 1677 2149,
792 1607 1307 1675 neuenhurgnches
1341 1607 1678 1660 nrkundenb.
1720 1608 1800 1661 ix.
1835 1597 2056 1663 35—37.

515 1729 704 1796 2150,
796 1708 1306 1793 Meklenburgisches
1341 1727 1679 1780 Urkundenb.
1717 1729 1798 1781 lx.
1837 1728 1919 1783 41.

485 1850 544 1913 *1
560 1848 704 1915 700.
795 1850 1122 1926 Jousnuns,
1161 1864 1378 1911 comes
1402 1849 1723 1913 Holtzacie
1745 1856 1807 1912 et
1831 1850 2191 1927 Stormarie,
2215 1847 2579 1910 Euerhardo
2606 1847 2991 1927 Campsoris,
3019 1848 3134 1908 civi
3160 1846 3516 1927 Luhicensi,

221 1952 390 2013 villam
434 1951 976 2032 Athrechtestorpe
1023 1952 1086 2012 in
1131 1950 1432 2030 parochia
1468 1952 1900 2014 Lanthkerken
1949 1954 2009 2011 in
2058 1959 2222 2013 terra
2255 1949 2503 2013 Ymhrie
2549 1948 2778 2012 vendit.
2835 1978 2909 1993 —-··
2954 1950 3409 2041 Saxekopinylte
3452 1954 3521 2015 in

219 2061 352 2115 terra
392 2054 697 2135 meando,
745 2056 808 2116 in
855 2055 1062 2132 vigilia
1107 2054 1514 2118 sacratissimi
1549 2056 1844 2141 ‘corporis
1891 2055 2146 2116 Christi.

493 2159 498 2163 “
791 2155 1130 2209 Urkundenb.
1168 2156 1218 2207 d.
1254 2154 1406 2207 stadt
1439 2156 1650 2208 Liibeck
1685 2155 1746 2206 11.
1782 2155 1901 2211 608.

485 2277 704 2342 ἿΊΟῙ.
797 2278 1166 2339 Baunmcws
1205 2275 1474 2351 (xiimus)
1509 2292 1672 2357 papa
1703 2276 1992 2342 Thuconi
2028 2270 2331 2357 episcopo
2368 2276 2790 2352 Burglanensi
2832 2274 3183 2353 committit,
3223 2280 3293 2336 ut
3322 2276 3523 2336 inter-

224 2380 422 2443 dictum
469 2382 964 2445 ecclesiasticum
1011 2381 1074 2440 in
1122 2379 1397 2441 dominio
1434 2378 1674 2440 Danico
1711 2379 1988 2458 Gerardi,
2039 2381 2287 2441 comitis
2323 2380 2645 2442 Holtzatiae
2692 2382 2754 2439 et
2789 2378 3163 2456 Stormariae‚
3214 2380 3519 2440 si-comes

223 2490 276 2542 et
311 2486 428 2561 ejus
467 2485 691 2547 subditi
731 2486 788 2544 in
828 2484 1116 2563 captione
1154 2487 1216 2544 et
1249 2480 1606 2543 detentione
1645 2483 1926 2563 episcopi
1962 2500 2088 2544 non
2125 2484 2354 2544 fuerint
2387 2480 2753 2562 culpabiles,
2800 2482 3049 2575 relaxet.
3090 2516 3164 2526 —-
3207 2480 3518 2561 Avinione,

223 2584 308 2645 Xl.
350 2588 456 2647 kal.
502 2587 667 2665 Juiii,
713 2585 1114 2666 pontificatus
1162 2585 1360 2645 nostri
1406 2600 1573 2646 anno
1621 2586 1822 2647 tertio.

791 2684 866 2753 Ny
899 2686 1168 2738 kirkshist.
1211 2686 1505 2749 Samllnger
1541 2687 1619 2738 IV.
1657 2687 1912 2741 223—24.

517 2808 706 2874 2152,
796 2806 914 2860 nsit.
954 2809 973 2857 1
1008 2805 1297 2869 Daugaard,
1336 2807 1435 2858 Om
1472 2806 1535 2857 dc
1572 2806 1770 2858 danske
1805 2807 2010 2859 Klostre
2045 2808 2098 2860 S.
2127 2763 2382 2862 231-32.

518 2928 706 2993 2154,
796 2926 929 2992 Dtpl.
968 2926 1208 2985 Svecan„
1246 2925 1326 2977 cd.
1365 2926 1418 2977 B.
1447 2926 1504 2977 Ε.
1538 2926 1857 2979 Hildebrand
1893 2928 1973 2978 lv,
2009 2928 2128 2982 562.
2203 2927 2539 2980 Urkundenb.
2579 2926 2626 2977 d.
2666 2927 2815 2977 Stadt
2850 2925 3063 2977 Liibeck
3097 2925 3160 2977 11.
3195 2919 3311 2979 609.

513 3048 701 3113 2155,
767 3046 1306 3131 ·Meklenburgisches
1342 3045 1680 3098 Urkundenb.
1718 3047 1800 3098 lx.
1837 3047 1920 3102 41.

489 3166 700 3231 *1702
793 3166 1111 3229 annmcri
1159 3166 1382 3241 (Xllmi)
1441 3183 1616 3247 papae
1673 3167 1842 3229 bulla
1897 3168 2358 3247 dispensatoria
2414 3168 2715 3247 episcopo
2764 3166 3159 3227 sleswicensi
3222 3164 3393 3243 data,
3453 3171 3522 3227 ut

230 3264 534 3332 Brotherus
575 3270 649 3331 de
685 3268 982 3345 Tortingh
1031 3276 1092 3330 et
1127 3268 1300 3345 lnge,
1348 3276 1492 3330 nata
1525 3270 1891 3333 Hunwardis
1928 3271 2003 3333 de
2040 3272 2359 3350 Toftingh,
2407 3272 2467 3332 in
2504 3270 2897 3331 matrimonio
2934 3270 3101 3331 licite
3136 3274 3518 3347 remaneant,

236 3384 566 3449 quamquam
639 3379 858 3450 quarto
928 3372 1482 3447 consangvinitatis
1551 3371 1747 3449 gradu
1795 3376 2126 3454 'conjuncti
2184 3377 2330 3436 sint.
2390 3409 2467 3419 —
2534 3374 2856 3451 Avinione,
2927 3371 2997 3433 V.
3054 3371 3173 3433 kal.
3234 3371 3518 3452 Augusti,

227 3472 582 3546 pontificatus
629 3476 829 3538 nostri
874 3491 1041 3537 anno
1086 3475 1290 3535 tertio.
1946 3543 1956 3556 ,

794 3577 868 3641 Ny
902 3576 1170 3628 kirkchist.
1210 3576 1507 3641 Samlingcr
1541 3576 1620 3627 IV.
1657 3576 1912 3632 556-57.

488 3697 708 3764 *1703
800 3697 1078 3759 Danum«
1124 3697 1191 3758 af
1232 3696 1332 3760 ST.
1381 3698 1621 3760 Gnaeos
1675 3700 1694 3777 i
1743 3699 1906 3762 Gonu
1955 3707 2114 3761 samt
2161 3717 2234 3763 nu
2278 3718 2394 3763 nan
2443 3718 2560 3762 usn
2607 3716 2870 3762 uss-rra
2917 3714 3195 3761 rustica
3230 3698 3519 3763 Dominus

227 3796 354 3873 «jvrr.
407 3800 509 3862 Nr.
549 3800 768 3875 *1697)
829 3798 1029 3861 befale
1086 3800 1556 3879 Gejstligheden
1626 3804 1644 3860 i
1713 3802 1862 3866 flere
1922 3802 2163 3881 Stit'ter,
2232 3802 2625 3865 hvorihlandt
2677 3801 3009 3879 Roskilde‚
3078 3808 3140 3863 at
3205 3803 3519 3881 paalaegge

3640 544 3826 613 1337.

3584 1057 3635 1111 3.
3672 1057 3802 1118 Hali.

3530 1496 3534 1500 '
3583 1484 3637 1538 3.
3674 1483 3807 1544 uajl,

3584 1604 3667 1661 11.
3706 1603 3839 1665 uait.

3586 1723 3669 1777 11.
3707 1723 3840 1785 Hali.

3590 1843 3669 1898 18.
3706 1843 3865 1895 Junli.

3588 2274 3671 2327 2L
3708 2273 3867 2326 Junu.

3585 2804 3671 2859 25.
3707 2806 3867 2857 Junu.

3590 2925 3636 2979 6.
3673 2925 3815 2976 Julu.

3590 3045 3671 3099 19.
3707 3045 3849 3097 Julu.

3588 3128 3679 3219 28.
3707 3166 3849 3216 Julss.

3589 3702 3638 3753 9.
3676 3704 3914 3766 Augusti.

230 3898 565 3981 Hertuginde
624 3902 940 3965 Elisabeth
1009 3901 1076 3963 af
1126 3903 1346 3963 Stettin
1418 3902 1617 3963 under
1673 3905 1840 3964 Stras
1900 3906 1966 3965 af
2015 3905 2638 3968 Exkommunikation
2705 3911 2768 3966 at
2832 3904 3047 3979 frigive
3103 3905 3222 3966 den
3291 3906 3517 3981 tangue
3568 3900 3579 3909 ’

227 3998 381 4067 Praest
419 4005 748 4085 Marquard
795 4004 1456 4083 Schachtelevent.q—
1507 4004 1683 4084 Κσίη,
1732 4009 1792 4067 in
1843 4008 2047 4083 vigilia
2089 4008 2149 4067 b.
2198 4008 2515 4070 Laurentii
2560 4008 2849 4068 martiris.
3276 4008 3517 4082 (Latin.)

789 4107 962 4171 Tydsk
996 4105 1113 4157 Udt.
1150 4110 1168 4157 i
1205 4108 1718 4171 Meklenburgisches
1756 4108 2093 4161 Urkundenb.
2133 4109 2255 4160 vm.
2295 4109 2548 4163 418-19.

483 4228 702 4293 *1704
796 4228 1050 4305 Penius,
1097 4228 1614 4306 archiepiscopus
1663 4228 2039 4307 Lundensis,
2088 4231 2337 4291 familiis
2384 4232 2445 4291 in
2493 4231 2678 4292 bonis
2725 4232 2788 4290 in
2836 4231 2974 4291 villa
3018 4229 3329 4307 thelose
3378 4230 3515 4290 sitis

231 4332 278 4384 et
336 4328 492 4391 altari
559 4330 756 4393 heatae
813 4330 1070 4392 Marthoe
1130 4330 1414 4391 ecclesiae
1474 4330 1828 4393 Lundensis
1889 4349 1926 4392 a
1979 4332 2207 4393 Karolo
2264 4334 2741 4412 archiepiscopo
2808 4332 3031 4409 legatis
3099 4331 3515 4397 residentibus
3564 4408 3573 4417 .

227 4431 456 4509 mandat,
502 4440 571 4496 ut
603 4434 844 4510 Esgero
885 4432 1053 4493 dicto
1089 4430 1320 4493 Blentae
1360 4433 1588 4502 dictum
1629 4435 1817 4496 altare
1855 4436 2152 4497 officianti
2188 4436 2263 4498 de
2300 4435 2641 4498 redditibus
2687 4436 2907 4497 horum
2956 4436 3262 4497 bonorum
3310 4452 3514 4512 neque

233 4530 312 4589 atii
358 4536 626 4613 cuiqnam
677 4533 1120 4614 respondeant.
1166 4569 1250 4579 —-—
1299 4534 1548 4614 Lundis,
1598 4537 1749 4597 seria
1795 4543 1966 4611 sexta
2013 4545 2157 4619 post
2200 4540 2429 4601 festum
2476 4538 2896 4600 Bartholomei
2941 4538 3229 4617 apostoli.

789 4636 922 4701 Dtpl.
960 4636 1196 4697 Svecan„
1237 4636 1316 4688 ed.
1355 4638 1409 4687 B.
1441 4638 1499 4689 Ε.
1529 4638 1848 4691 Hildebrand
1882 4639 1961 4690 lv,
1999 4641 2116 4694 571.

485 4730 704 4805 ‘1705.
793 4740 1263 4801 Testamentum
1321 4742 1664 4804 Tuonssenm
1724 4744 2077 4822 Lanam-ru,
2146 4745 2442 4805 canonici*
2490 4741 2875 4819 mutiensis,
2938 4760 3051 4821 per
3118 4743 3284 4821 quod
3340 4744 3512 4803 altari

3586 4216 3669 4285 29.
3707 4235 3946 4296 Augusti.

3586 4745 3669 4798 19.
3707 4746 3913 4809 septbr.
3993 4728 3996 4731 ¹

221 4834 358 4899 beati
400 4842 604 4906 Jacobi
652 4846 714 4905 in
762 4843 1035 4905 ecclesia
1077 4841 1398 4904 Lundensi
1445 4845 1520 4905 ab
1570 4845 1805 4907 Ascero
1852 4847 2332 4926 archiepiscopo
2379 4852 2743 4908 constructo
2788 4846 2955 4907 hona
3002 4864 3117 4907 sua
3161 4847 3224 4906 in
3272 4846 3513 4907 Lindae-
3612 4880 3615 4883 ·

227 4938 445 5021 tnaepoet
513 4949 630 5009 sita
699 4948 860 5009 inter
925 4946 1045 5007 alia
1109 4960 1224 5024 pro
1291 4946 1504 5009 missis
1567 4948 1751 5025 legat.
1809 4984 1892 4994 —
1948 4948 2208 5026 LundiS,
2278 4949 2431 5011 seria
2497 4955 2668 5009 sexta
2732 4950 3012 5028 proxima
3076 4953 3217 5010 ante
3284 4950 3509 5010 festum

219 5038 262 5100 b.
303 5044 508 5110 Mathei
553 5051 841 5130 apostoli.

783 5152 914 5216 Dtpl.
954 5155 1190 5213 Svecan„
1229 5152 1308 5204 ed.
1347 5152 1400 5203 B.
1431 5153 1489 5203 E.
1519 5152 1837 5204 fflldebrand
1871 5152 1950 5203 lv.
1987 5153 2245 5207 574—76.

2965 5273 3084 5325 .31’ι
3152 5296 3155 5299 ’
