4275 5759
1469 393 2151 467 Mscmuasoaamo.
3329 398 3475 471 229

441 670 661 742 *1585.
753 670 1028 748 Missus,
1076 668 1398 745 Norvegiae
1457 674 1520 731 et
1566 668 1803 731 Sueciae
1850 686 1989 746 rex,
2049 673 2393 734 canonicos
2441 671 2924 748 wibergenses‚
2985 670 3253 731 insulam
3301 670 3479 729 Laeso
3552 666 3632 719 16.
3674 666 3876 730 septbr.

173 776 457 834 visitantes
501 773 794 851 bonaque
841 790 1080 851 eorum,
1129 774 1274 833 item
1323 772 1523 851 ipsam
1559 770 1829 833 insulam
1876 777 1937 830 et
1968 772 2420 835 inhabitatores
2460 776 2597 851 ejus
2636 772 2752 835 sub
2790 772 3045 850 speciali
3089 774 3479 854 protectione

175 878 407 955 suscipit
450 875 896 938 defensandos.
945 909 1026 921 —
1077 875 1254 951 Apud
1297 879 1554 934 castrum
1597 873 1945 951 Bayalmus,
1995 875 2421 938 sextodecimo
2469 876 2764 937 kalendas
2812 874 3124 936 Octobris.

617 1004 624 1011 -
675 1019 688 1027 .
755 976 888 1040 mpl.
927 976 1165 1037 Svecan„
1203 975 1284 1028 ed.
1321 974 1377 1027 B.
1406 974 1465 1027 Ε.
1501 974 1820 1026 Hildebrand
1854 974 1934 1025 lv.
1971 974 2089 1029 281.
2163 976 2417 1042 Rydberg,
2456 978 2675 1042 Sverges
2714 977 2983 1029 Traktater
3020 978 3055 1028 l.
3091 974 3346 1030 536—37.

445 1078 664 1145 *1586.
757 1078 1123 1142 LAuasuqus
1171 1079 1430 1142 ansson
1489 1078 1593 1140 dat
1639 1078 1897 1141 Nicolao
1945 1078 2124 1141 Brwn
2172 1082 2236 1141 in
2284 1080 2568 1160 Sedhorp
2615 1080 2863 1161 plenam
2910 1086 3279 1159 potestatem
3330 1096 3477 1140 sco·
3550 1077 3634 1131 21.
3674 1078 3877 1141 septbr-

177 1184 318 1244 tandi
360 1184 563 1244 omnia
619 1184 785 1245 bona
843 1200 958 1244 sua
993 1185 1077 1263 in
1135 1182 1432 1261 parochia
1479 1180 1762 1260 Sedhorp
1821 1182 1941 1243 sita
1995 1182 2265 1263 leprosis
2316 1186 2493 1263 Juxta
2538 1183 2903 1259 Swinborgh
2962 1188 3266 1263 perpetuo
3326 1198 3479 1261 pos-

177 1286 420 1364 sidenda,
469 1287 571 1347 tali
617 1284 979 1347 conditione
1041 1283 1414 1364 praehabita,
1475 1290 1542 1345 ut
1597 1283 1877 1363 praedicti
1933 1285 2169 1364 leprosi
2226 1287 2397 1348 omni
2452 1301 2617 1347 anno
2664 1285 2956 1347 fratribus
3013 1283 3360 1346 minoribus
3418 1285 3479 1344 in

177 1388 504 1465 Swinborgh
553 1387 870 1449 dimidiam
917 1402 1189 1448 marcam
1237 1386 1410 1447 ordei
1457 1394 1518 1447 et
1560 1386 1840 1449 modium
1885 1386 2091 1467 butyri
2144 1390 2384 1451 solvere
2431 1393 2780 1450 teneantur.
2831 1422 2908 1433 —
2958 1388 3027 1450 ln
3072 1388 3235 1450 festo
3282 1387 3483 1448 sancti

165 1490 376 1560 ‚Mathei
421 1492 688 1571 apostoli
737 1490 924 1551 Cristi
971 1489 1366 1566 ewangeliste
1412 1491 1694 1567 gloriosi.

755 1592 1033 1643 Kirkehist.
1073 1591 1368 1655 Samnager
1403 1590 1454 1645 3.
1493 1590 1682 1643 Raekke
1715 1591 1752 1643 1.
1789 1590 1908 1645 550.

447 1696 666 1759 *1587.
760 1697 1062 1758 lomnes
1110 1710 1182 1755 ns
1225 1698 1503 1773 Axcowa,
1553 1696 1844 1774 armiger,
1892 1695 2185 1759 omnibus
2231 1697 2417 1758 bonis
2472 1703 2535 1758 et
2570 1697 2819 1775 juribus
2865 1697 2929 1756 in
2974 1696 3116 1757 villa
3161 1694 3481 1772 Goldeniz‚
3552 1693 3635 1747 28.
3677 1694 3885 1757 septbr.

177 1800 306 1875 patri
359 1815 472 1860 suo
517 1798 765 1860 Matbiae
813 1798 889 1860 de
937 1799 1195 1861 Axcowe
1243 1797 1419 1858 militi
1479 1813 1591 1874 per
1636 1798 1888 1859 Ericum
1945 1814 2157 1875 regem
2207 1798 2516 1876 quondam
2572 1799 2758 1862 Dacie
2806 1798 3048 1860 collatis
3107 1803 3169 1858 et
3212 1796 3481 1858 lobanni

179 1900 387 1980 Roden,
422 1902 668 1963 consuli
695 1903 755 1962 in
783 1900 1126 1979 Rozstoch,
1161 1900 1449 1978 venditis,
1489 1901 1818 1962 renuntiat.
1848 1936 1932 1945 —
1958 1900 2238 1980 Rybeniz‚
2277 1904 2339 1961 in
2365 1902 2573 1978 vigilia
2600 1902 2660 1962 b.
2690 1902 3077 1982 Mychahelis
3101 1899 3481 1975 archangeli.

755 2002 1270 2067 Meklenburglsches
1306 2000 1644 2053 Urlmndenb.
1685 2002 1809 2054 Vlll.
1847 2002 2139 2057 302—303.

447 2106 668 2171 *1588.
760 2107 1062 2169 Joussnss
1110 2104 1412 2180 (xxiiam)
1472 2122 1630 2185 papa
1687 2106 1858 2168 clero
1915 2106 2189 2169 diocesis
2236 2107 2601 2186 Upsalensis
2648 2108 2924 2186 nuntiat,
2984 2124 3052 2168 se
3111 2106 3483 2169 electionem
3554 2104 3601 2159 3-
3641 2104 3849 2155 octobr.

183 2207 332 2285 Petri,
358 2210 579 2286 prioris
604 2209 1001 2289 provincialis
1025 2208 1284 2269 fratrum
1308 2206 1784 2285 praedicatorum
1810 2210 2145 2287 provincia)
2162 2209 2390 2289 Dacus,
2419 2210 2482 2269 in
2507 2211 3055 2289 archiepiscopum
3074 2209 3483 2288 Upsalensem

182 2310 574 2373 confirmasse.
629 2348 702 2359 -
753 2313 1064 2389 Aninione,
1113 2311 1184 2371 V.
1234 2328 1436 2372 nonas
1483 2310 1800 2389 Octobris,
1847 2311 2251 2389 pontificatus
2296 2328 2462 2374 anno
2508 2312 2691 2374 xvn.

757 2413 888 2478 Dipl.
927 2413 1166 2473 Svecan„
1204 2412 1285 2465 ed.
1324 2413 1376 2463 Β.
1406 2412 1463 2463 E.
1495 2412 1814 2465 Hildebrand
1851 2413 1930 2464 lv.
1967 2412 2224 2467 283—84.

449 2514 667 2581 *1589.
757 2517 1126 2595 Vstomrsal,
1173 2517 1354 2578 ducis
1399 2516 1602 2595 Jutiae,
1653 2522 1714 2577 et
1759 2518 2024 2578 Graiam
2072 2522 2134 2577 et
2168 2516 2481 2595 Iomanis,
2529 2519 2827 2581 comitum
2867 2518 3161 2581 Holsatiae
3211 2523 3272 2577 et
3307 2516 3483 2577 Stor-
3554 2490 3608 2567 21.
3644 2515 3830 2579 Novbg.

183 2620 380 2697 marite,
433 2620 652 2681 litterae
711 2619 786 2679 de
846 2621 1259 2681 conventione
1317 2620 1478 2680 inter
1535 2620 1710 2697 ipsos
1769 2625 1832 2679 et
1886 2619 2178 2699 Macrum,
2237 2635 2447 2696 regem
2507 2621 2829 2697 Norvcgiae
2888 2616 2949 2683 et
3007 2619 3283 2696 Sueciae,
3342 2635 3482 2679 cum

181 2718 604 2784 adbaerentibus
672 2723 866 2799 facta,
937 2724 1023 2783 ita
1087 2726 1156 2783 ut
1213 2739 1327 2801 pax
1391 2724 1750 2783 restituatur
1817 2728 1880 2783 et
1934 2723 2159 2783 Scania
2226 2740 2367 2784 cum
2439 2724 2795 2802 Blekingia,
2864 2723 3089 2784 Listria
3155 2728 3217 2783 et
3283 2722 3489 2782 insula

185 2820 463 2902 lluethen,
534 2825 814 2904 exceptis
872 2825 1208 2903 provinciis
1267 2822 1699 2900 Biergahaered
1760 2830 1821 2885 et
1881 2823 2080 2885 Norra
2140 2807 2629 2904 Aassbohaered,
2701 2826 2912 2887 liberis
2971 2826 3196 2886 Canuti
3252 2825 3486 2898 (Porse)

183 2924 454 2999 quondam
502 2927 685 2989 ducis
732 2926 1257 3007 competentibuS,
1304 2926 1534 3003 Magno
1574 2927 1702 3001 regi
1741 2927 2014 3003 cedatur,
2067 2942 2142 2987 ea
2180 2926 2561 3003 conditione,
2610 2934 2676 2989 ut
2716 2946 3022 2990 summam
3061 2927 3277 2991 34000
3321 2943 3485 2986 mar·
3555 2937 3568 2953 ·

184 3042 362 3088 carum
407 3032 543 3108 puri
589 3031 852 3107 argenti,
900 3046 1015 3108 pro
1063 3028 1289 3107 quibus
1335 3028 1431 3089 bae
1480 3035 1656 3090 terrae
1704 3030 1972 3090 Johanni
2020 3029 2165 3090 duci
2214 3036 2387 3090 erant
2434 3031 2884 3109 impignoratoe,
2947 3032 3163 3108 solvat,
3224 3030 3486 3107 aliisque

183 3128 374 3190 additis
418 3131 901 3193 conditionibus.
953 3168 1030 3176 —
1078 3132 1426 3210 Helsinqor,
1479 3134 1762 3210 proxima
1813 3138 2028 3209 quarta
2077 3132 2230 3193 feria
2284 3138 2428 3211 post
2472 3133 2699 3193 festum
2751 3134 3043 3195 Omnium
3094 3134 3484 3193 Sanctorum.

760 3233 892 3297 Dipl.
925 3236 1162 3291 Svecan„
1202 3233 1280 3284 ed.
1325 3235 1378 3283 B.
1408 3234 1460 3283 E.
1495 3234 1813 3285 Hildebrand
1842 3234 1919 3283 lv.
1949 3232 2204 3287 288—94.
2279 3234 2579 3292 Michelsen,
2617 3234 3114 3286 Urkundensamml.
3146 3233 3202 3284 ll.
3233 3232 3485 3286 420—25.

761 3320 1014 3383 Rydberg,
1053 3319 1274 3382 Sverges
1308 3319 1578 3371 Tralrtater
1615 3318 1650 3369 l.
1687 3319 1942 3373 537—43.
2017 3319 2323 3383 Brudstykk.
2356 3321 2373 3370 i
2404 3319 2741 3371 urkundenb.
2774 3321 2822 3371 d.
2854 3322 3005 3371 Stadt
3031 3321 3243 3371 Lubeck
3270 3318 3329 3370 ll.
3366 3318 3483 3371 503.

476 3422 666 3487 2091,
756 3422 928 3486 Tydsk
962 3421 1077 3474 Udt.
1116 3425 1134 3472 i
1171 3422 1423 3473 zeitschr.
1464 3423 1497 3472 f.
1537 3422 2357 3485 Schleswig-Holstein—Lauenb.
2396 3422 2583 3473 Gesch.
2622 3422 2703 3482 Vl,
2742 3424 2945 3487 Repert.
2986 3425 3037 3475 S.
3068 3424 3186 3479 111.
3558 3423 3639 3476 13.
3678 3422 3861 3473 Decbr.

452 3526 668 3591 *1590.
759 3526 1086 3603 leniit-sss,
1133 3542 1351 3587 comes
1393 3525 1710 3587 Holtzacie
1757 3531 1820 3586 et
1866 3526 2203 3587 Stormarie
2250 3530 2313 3586 et
2358 3526 2721 3604 capitaneus
2773 3528 2993 3587 Scanie
3042 3532 3105 3587 et
3139 3525 3486 3603 Syelendie‚

185 3620 388 3687 Karolo
445 3630 927 3707 archiepiscopo
993 3626 1316 3690 Lundensi
1384 3646 1525 3691 cum
1595 3628 1732 3689 aliis
1803 3629 2169 3707 proceribus
2248 3634 2424 3689 terrae
2496 3629 2716 3690 Scanie
2790 3630 3121 3691 committit
3185 3628 3487 3690 redimere

185 3733 428 3790 castrum
485 3730 944 3806 Helsingborgh
1014 3748 1051 3791 a
1107 3731 1361 3792 domino
1420 3731 1709 3807 Egherdo
1765 3730 2176 3809 Brokendorp
2244 3748 2358 3809 pro
2428 3748 2539 3791 sex
2594 3732 2867 3793 millibus
2936 3748 3281 3793 marcarum
3350 3732 3488 3809 puri

184 3834 398 3905 argenti
439 3833 732 3913 ponderis
781 3831 1203 3894 Coloniensi&

767 3934 880 3986 Udt.
919 3937 936 3985 i
973 3934 1227 3999 Rydberg,
1266 3936 1488 3997 sverges
1524 3935 1794 3986 Traktater
1829 3934 1865 3985 1.
1903 3934 2020 3988 544.

485 4036 652 4102 2092
699 4054 768 4099 se
815 4037 1033 4101 *1584

488 4158 656 4223 2093
765 4170 822 4209 er
858 4156 948 4209 det
981 4170 1183 4207 semme
1221 4158 1500 4221 Aktstykke
1536 4172 1652 4209 som
1690 4159 1773 4208 Nr.
1806 4157 1986 4211 *1433

461 4278 674 4343 *1591.
768 4278 1006 4340 Scisuu
1054 4281 1304 4355 totaque
1340 4294 1717 4340 uutvsnsins
1755 4279 1832 4341 cle
1870 4280 2150 4341 Eteonon
2190 4278 2558 4340 consulibus
2597 4277 3051 4341 Lubicensibus
3100 4279 3487 4357 promittunt,

185 4392 244 4435 se
275 4379 500 4441 civibus
535 4383 664 4443 suis
700 4380 778 4442 ad
814 4380 1110 4441 Schonen
1146 4385 1208 4441 et
1240 4378 1316 4441 ad
1352 4379 1472 4441 alia
1504 4381 1645 4442 loca
1678 4380 2044 4442 absentibus
2083 4382 2486 4443 mandaturos
2524 4400 2690 4459 esse,
2728 4399 2806 4441 ne
2842 4398 2984 4441 cum
3024 4378 3487 4441 Stauriensibus

185 4481 617 4545 commisceant.
668 4519 749 4531 —
799 4484 943 4581 Sine
989 4498 1176 4544 anno.

767 4584 1104 4638 urkundenb.
1152 4585 1200 4637 d.
1239 4586 1390 4638 stadt
1423 4583 1636 4637 Lubeck
1670 4584 1752 4636 ΙΙΙ.
1792 4584 2010 4639 75-76.

1520 4777 2132 4861 1332-1335,
3530 4772 3926 4837 1332-1335.

473 4944 680 5011 ‘1592
774 4946 1006 5009 Gmsw
1053 4946 1384 5024 Eusssos,
1440 4944 1746 5009 Nic-ouius
1792 4946 2220 5026 Aaroamsou,
2282 4947 2559 5009 {isaccus
2609 4946 3190 5023 NAsxosucuassos,
3246 4944 3487 5007 W1.ruo
3549 4977 3560 4989 ·

193 5046 588 5111 Aswttmsson
649 5055 709 5111 et
753 5050 1131 5111 Erinomae
1176 5048 1520 5126 Yomssos,
1575 5047 1827 5127 milites,
1885 5068 1956 5111 ex
2019 5055 2191 5128 parte
2238 5050 2470 5127 Magni,
2530 5050 2696 5124 regis
2744 5048 2979 5110 Sueciae
3038 5053 3101 5109 et
3144 5047 3488 5122 Norvegiae‚

188 5153 240 5207 et
293 5146 372 5209 ob
433 5157 772 5231 respectum
831 5152 1068 5213 domini
1115 5152 1378 5231 wiperti
1424 5150 1776 5231 Lutzowen,
1837 5153 2209 5214 marschalci
2268 5151 2581 5215 domicelli
2625 5150 3139 5231 Magnopolensis
3200 5158 3260 5211 et
3314 5150 3488 5229 capi-
