4275 5759
1246 310 1461 383 Kone
1516 309 1913 384 VALDEMAR
1971 314 2365 385 Armanas.
3337 318 3478 390 311

450 584 661 650 2249.
758 584 1150 649 maneamus
1198 586 1403 661 (Vltus)
1450 588 1610 665 ‘papa
1654 584 1837 646 Petro
1884 585 2246 665 Laurencii,
2307 586 2482 648 militi
2541 593 2602 649 et
2657 588 2877 648 nuntio
2927 589 3092 663 regis
3145 586 3481 665 Danorum,

222 686 453 763 concedit,
493 696 559 749 ut
607 692 749 767 ipse
798 695 862 750 et
906 706 1062 750 uxor
1108 690 1240 767 ejus
1288 704 1430 749 cum
1479 704 1585 748 sex
1634 688 1922 765 personis
1968 690 2031 747 in
2082 688 2238 750 locis
2285 688 2616 751 interdicto
2664 690 3097 751 ecclesiastico
3135 689 3482 767 suppositis

218 793 381 850 missas
427 792 665 868 aliaque
721 791 928 851 divina
973 790 1179 851 officia
1223 796 1464 851 secrete
1510 790 1715 850 facere
1762 790 2061 850 celebrari
2108 797 2191 867 et,
2252 792 2304 851 si
2352 793 2601 870 mortui,
2651 792 2984 871 sepulturae
3035 792 3480 852 ecclesiasticae

213 890 319 951 tuadi
352 896 601 973 possint,
652 892 1000 955 dummodo
1046 892 1373 955 interdicto
1419 908 1670 953 causam
1720 908 1846 953 non
1895 892 2199 953 dederint.
2257 928 2326 939 --
2379 894 2557 970 Apud
2593 894 3020 954 villamnovam
3069 897 3484 953 Aninionemis

208 994 411 1072 dt'oeesiS,
448 996 545 1057 xl.
598 996 725 1057 kal.
779 995 1064 1073 Octobr„
1111 1011 1275 1055 anno
1323 995 1525 1055 tertio.

756 1097 877 1149 not.
910 1100 931 1149 i
968 1098 1040 1161 Ny
1076 1097 1343 1149 kirkehtst.
1378 1095 1675 1159 smnnger
1710 1095 1790 1145 lv.
1826 1095 1944 1149 586.

439 1200 665 1266 *2250.
758 1201 1145 1264 Innocentius
1191 1199 1399 1275 (Vltus)
1446 1214 1607 1278 papa
1649 1198 1911 1260 Andreae
1960 1200 2258 1277 Erikson,
2305 1202 2613 1278 armigero
2663 1205 2828 1278 regis
2879 1201 3226 1278 Danorum,
3276 1200 3478 1262 Otbo-

194 1304 378 1363 niensis
418 1304 726 1382 diocesis,
776 1304 1235 1365 absolutionem
1280 1302 1619 1381 plenariam
1668 1304 1943 1362 omnium
1994 1304 2129 1381 ejus
2159 1306 2594 1381 peccaminum
2637 1305 2830 1365 semel
2865 1310 3102 1364 tantum
3150 1306 3214 1364 in
3263 1304 3480 1365 mortis

190 1406 395 1466 articulo
436 1408 741 1486 impertit.
789 1441 872 1450 —
920 1407 1095 1483 Apud
1140 1404 1565 1464 Villamnovam
1609 1404 2025 1465 Avinionensis
2066 1406 2347 1483 diocesis,
2405 1406 2504 1467 xl.
2551 1408 2669 1467 kal.
2722 1405 3012 1484 Octobr.‚
3061 1422 3227 1466 anno
3274 1407 3476 1467 tertio.

754 1508 873 1560 Udt.
908 1510 927 1558 i
965 1508 1037 1571 Ny
1072 1506 1339 1558 kirkehist.
1378 1505 1674 1569 Samllnger
1709 1504 1788 1555 lv.
1824 1504 2081 1559 586-87.

432 1612 661 1675 *225L
754 1612 1057 1675 lomnes
1117 1610 1302 1672 HwAs
1362 1608 1631 1670 Jobanni
1702 1608 2050 1670 Niclaesson
2112 1626 2298 1669 unam
2371 1613 2604 1671 curiam
2667 1614 2729 1671 in
2789 1611 3103 1690 flyngbae,
3178 1611 3298 1671 sibi
3368 1627 3480 1689 per

179 1712 451 1774 dominum
500 1714 833 1777 Nicolaum
882 1714 1061 1774 Hasoe
1106 1713 1362 1773 militem
1408 1712 1906 1789 impignoratam‚
1958 1728 2068 1790 pro
2116 1718 2150 1773 ⁴l
2201 1714 2430 1773 marcis
2478 1715 2616 1791 puri
2663 1716 2903 1791 argenti
2949 1715 3345 1793 impignorat.
3401 1745 3472 1756 —

176 1812 229 1873 ln
266 1822 423 1877 sexta
466 1817 631 1879 feria
676 1832 850 1895 prox.
900 1822 1041 1877 ante
1086 1816 1315 1877 festum
1362 1815 1423 1875 b.
1468 1813 1819 1876 Michaelis.

748 1918 939 1977 livens.
973 1916 1315 1970 Heddelelser
1350 1928 1438 1967 om
1474 1915 1729 1967 Personer
1766 1927 1832 1978 og
1868 1914 2112 1967 Famssler
2147 1916 2204 1966 at
2235 1916 2435 1969 Navnet
2468 1917 2605 1969 liras
2641 1918 2724 1968 111.
2762 1918 3050 1973 103—104.

432 2020 661 2085 ·2252.
754 2020 1140 2085 luuocnrms
1192 2017 1399 2093 (Vnus)
1446 2035 1637 2098 papa,
1698 2019 2263 2096 supplicationibus
2311 2021 2476 2083 Petri
2518 2022 2847 2084 Laurencii
2893 2022 3108 2083 militis
3155 2029 3217 2083 et
3259 2020 3473 2083 amba-

164 2126 381 2185 ciatoris
426 2123 861 2207 regisDaciae
908 2124 1277 2201 inclinatae,
1334 2120 1605 2181 lohanni
1648 2120 1858 2198 Thoys
1916 2120 1993 2181 de
2050 2124 2424 2185 canonicatu
2487 2126 2770 2185 ecclesiae
2819 2125 3154 2186 Osiliensis
3203 2123 3319 2185 sub
3368 2141 3476 2184 ex-

160 2231 519 2303 spectatione
572 2226 925 2305 praebendae
970 2226 1224 2305 majoris
1268 2223 1571 2304 providet.
1625 2258 1698 2266 —
1751 2224 2059 2302 Aninione,
2112 2224 2237 2286 llll.
2287 2242 2436 2287 non.
2487 2225 2803 2305 Octobris,
2849 2244 3016 2288 anno
3065 2228 3266 2287 tertio.

754 2328 874 2381 udi.
911 2330 929 2380 t
963 2329 1037 2392 Ny
1068 2326 1341 2379 urkehlst.
1379 2324 1676 2389 Samltnger
1711 2323 1790 2375 lv,
1828 2324 1945 2379 587.

431 2430 661 2496 ‘2253
754 2430 1087 2493 Innocenti
1134 2430 1295 2504 (Vltl)
1341 2446 1515 2508 papae
1575 2428 1971 2506 indulgentiae
2031 2428 2106 2490 (le
2168 2446 2293 2491 unu
2349 2448 2516 2493 anno
2564 2439 2625 2493 et
2670 2432 3077 2511 quadraginta
3131 2431 3354 2493 diebus
3399 2432 3475 2493 ad

152 2531 339 2594 decem
386 2551 601 2595 annos
649 2534 807 2594 datae
856 2534 963 2612 iis,
1012 2534 1116 2611 qui
1162 2532 1381 2593 devote
1427 2531 1677 2591 visitent
1722 2537 1785 2591 et
1826 2548 2049 2593 manus
2096 2532 2432 2611 adjutrices
2479 2536 2802 2613 porrigant
2846 2536 3121 2597 claustro
3169 2552 3223 2595 s.
3265 2534 3476 2595 Mariae

3612 484 3797 550 1355.

3553 588 3637 641 21.
3679 588 3881 653 Septbr.

3549 1205 3636 1259 21.
3675 1206 3880 1269 Septbr.

3548 1617 3631 1670 25.
3671 1619 3879 1683 septbr.

3547 2026 3596 2079 4.
3636 2028 3849 2084 Octobr.

3546 2439 3596 2492 4.
3635 2440 3843 2493 Octobr.

148 2636 199 2695 in
230 2636 509 2713 Wedele,
550 2638 790 2697 ordinis
826 2638 1079 2697 fratrum
1112 2634 1613 2713 praedicatorum,
1663 2633 1829 2712 quod
1866 2632 2085 2696 Petrus
2122 2634 2472 2714 Laurencii,
2509 2637 2711 2716 miles,
2748 2636 3022 2714 ligneum
3061 2654 3097 2698 a
3131 2645 3303 2715 patre
3341 2640 3476 2716 ejus

147 2747 565 2801 constructum
614 2756 783 2801 nunc
828 2738 1137 2817 lapideum
1185 2744 1551 2798 construere
1600 2736 1760 2797 velit.
1810 2770 1891 2780 —
1940 2740 2250 2817 Aninione,
2300 2737 2428 2798 llll.
2477 2758 2626 2801 non.
2677 2740 2958 2819 Octobr„
3006 2757 3170 2801 anno
3220 2742 3422 2802 tertio.

750 2839 867 2892 Udt.
905 2842 922 2890 l
960 2842 1031 2902 Ny
1064 2840 1335 2891 kirkehlst.
1373 2839 1669 2902 Samllnger
1704 2836 1782 2887 lv.
1818 2836 2075 2893 587—88.

432 2945 661 3009 ’2254
751 2944 1053 3009 Jonaunns
1097 2944 1303 3021 Fanni,
1350 2950 1556 3005 rector
1602 2942 1887 3003 ecclesiae
1934 2941 2010 3003 de
2048 2943 2413 3005 Coruusaco
2461 2944 2833 3006 'l'liolosanoe
2882 2946 3178 3025 diocesis,
3226 2946 3470 3007 locum-

136 3054 341 3109 tenens
392 3051 587 3111 curiae
638 3064 899 3109 camerae
946 3063 1119 3127 papae
1167 3044 1477 3124 generalis
1522 3044 1857 3123 auditoris,
1907 3045 2288 3107 condemnat
2328 3046 2659 3125 Magnum,
2719 3065 2930 3124 regem
2981 3048 3244 3127 Svecioe,
3305 3048 3471 3110 Nor-

132 3153 307 3225 vegiae
358 3157 426 3212 et
476 3152 741 3228 Scaniae‚
796 3156 859 3211 et
906 3150 1263 3225 Blancbam,
1312 3164 1566 3207 uxorem
1614 3149 1774 3225 eju8,
1832 3153 1895 3207 et
1940 3164 2287 3227 sponsores
2334 3166 2550 3211 eorum
2597 3152 2780 3225 (inter
2826 3168 2986 3227 quos
3031 3149 3254 3211 Petrus
3303 3152 3471 3212 Lun-

129 3254 331 3313 densis
386 3253 916 3331 archiepiscopus
978 3253 1133 3311 viam
1199 3251 1470 3311 universi
1533 3251 1740 3311 carnis
1799 3251 2127 3326 ingressus
2189 3256 2306 3326 est)
2365 3252 2442 3315 ad
2503 3254 2834 3321 solvendas
2880 3270 3055 3333 papie
3105 3261 3166 3314 et
3210 3270 3471 3315 camerae

124 3357 493 3434 apostolicas
554 3356 779 3441 Brugis
840 3354 1141 3435 pecunias
1204 3360 1450 3413 mutuas
1513 3360 1815 3429 sumptas.
1866 3386 1944 3396 —
1992 3356 2286 3415 Avinione
2331 3360 2396 3413 in
2438 3356 2808 3416 thesaurario
2849 3357 3085 3417 domini
3117 3372 3311 3433 pape,
3373 3356 3472 3417 die

122 3457 391 3521 xxull.
440 3461 684 3520 mensis
731 3458 1047 3521 Octobris.

750 3560 1084 3623 Dlplomatar.
1121 3559 1336 3622 Norveg.
1377 3554 1502 3605 vlu.
1543 3553 1793 3610 182-95.

437 3662 657 3727 ’2255
748 3663 905 3725 Pave
928 3664 1311 3727 lnuoceurius
1338 3663 1439 3723 Vl.
1468 3657 1817 3719 stadfaester
1832 3662 2044 3726 Lunde
2058 3664 2491 3744 Domkapitels
2515 3682 2594 3742 og
2611 3664 2981 3725 Domkirkes
2997 3664 3370 3743 Privilegier.
3407 3700 3460 3710 -—

114 3768 441 3840 eis-inimic,
488 3766 613 3827 XV.
662 3765 959 3827 kalendas
1007 3766 1406 3828 Decembres.
3229 3770 3470 3844 (Latin.)

745 3867 861 3918 Udt.
898 3870 917 3918 i
954 3870 1147 3919 svensk
1182 3869 1361 3920 Overs.
1399 3870 1418 3918 i
1456 3868 1695 3920 Svenska
1732 3868 2162 3919 Rllts-Archlvets
2201 3869 2657 3932 Pergamentsbrel'
2694 3868 2731 3919 1.
2771 3868 2852 3922 75.

439 3970 655 4034 ’2256.
747 3971 1081 4033 lusorum-n
1128 3972 1287 4047 (vlu,
1332 3990 1509 4051 papie
1559 3974 1883 4050 quittantia
1927 3974 2237 4049 generalis
2284 3972 2426 4033 data
2474 3973 2785 4033 Anthonio
2831 3970 3170 4051 Malabayle
3217 3981 3278 4036 et
3315 3975 3466 4034 Gui-

106 4074 255 4135 deto
306 4073 691 4152 Malabayle,
756 4072 991 4134 civibus
1050 4075 1455 4153 Astensibus,
1513 4092 1627 4154 pro
1686 4074 1978 4136 omnibus
2035 4077 2320 4153 pecuniis
2384 4090 2646 4136 camerae
2703 4076 3098 4155 apostolicae,
3163 4070 3330 4153 'quas
3391 4076 3468 4137 ab

102 4194 159 4237 a.
214 4176 403 4241 1348
446 4176 525 4237 ad
570 4192 625 4237 a.
677 4173 844 4241 1352
889 4184 1263 4256 receperunt
1306 4194 1377 4238 ac
1426 4179 1774 4254 solverunt,
1833 4178 1995 4238 inter
2040 4194 2148 4238 eas
2193 4178 2479 4256 pecuniis
2525 4194 2561 4237 a
2604 4179 2840 4239 nuntiis
2890 4177 3060 4239 sedis
3105 4179 3467 4258 apostolica}

102 4282 167 4340 in
206 4280 467 4357 anglia,
512 4278 793 4356 Polonia,
841 4278 1031 4342 Dacia
1078 4286 1138 4341 et
1172 4279 1481 4356 Norvegia
1514 4280 1817 4342 collectis
1860 4314 1923 4323 —-
1977 4280 2285 4357 Avinione,
2335 4278 2431 4341 Xl.
2473 4278 2590 4341 kal.
2628 4279 3018 4357 Decembris,
3065 4281 3466 4360 pontificatus

102 4381 321 4445 nostri
368 4398 539 4445 anno
583 4382 802 4444 tercio.

743 4483 1077 4547 Diplomatar.
1116 4484 1331 4549 Norveg.
1369 4484 1448 4535 VI.
1485 4484 1741 4539 263—64.

432 4570 655 4637 ’2257.
746 4570 1128 4635 inuocantes
1176 4572 1385 4648 (Vltus)
1442 4588 1603 4651 papa
1658 4572 1927 4633 lohanni
1976 4571 2349 4649 Guilaberti,
2410 4571 2649 4633 decano
2709 4569 2993 4632 ecclesiae
3039 4570 3463 4648 Tarbatensis‚

100 4676 347 4737 nuntio
394 4674 565 4736 sedis
611 4674 996 4752 apostolicae,
1043 4675 1315 4753 mandat,
1365 4682 1433 4735 ut
1476 4675 1776 4751 pecunias
1822 4674 1899 4735 ad
1948 4690 2256 4735 cameram
2299 4675 2706 4753 apostolicam
2746 4675 3129 4752 pertinentes
3167 4692 3278 4753 per
3322 4691 3466 4735 eum

98 4782 169 4839 in
222 4778 459 4857 Dacia,
520 4778 737 4840 Svecia
786 4785 848 4837 et
898 4776 1202 4853 Norvegia
1250 4778 1547 4839 collectas
1594 4776 1941 4837 Laurencio
1990 4776 2248 4855 Spinelli
2294 4785 2355 4840 et
2401 4778 2658 4839 Bancbo
2712 4777 3041 4839 Dauantini
3091 4782 3151 4839 et
3196 4777 3464 4839 Perozzo

102 4882 409 4959 Coi-sini,
469 4882 711 4943 civibus
757 4880 1165 4958 Florentinis,
1212 4881 1405 4941 sociis
1453 4882 1773 4942 societatis
1821 4880 2213 4942 Albertorum
2259 4882 2692 4959 antiquorum,
2750 4881 2976 4958 Brugis
3021 4882 3116 4942 vel
3165 4880 3464 4942 Bruxellae

100 4984 389 5047 tradant.
438 5020 520 5029 —
568 4983 882 5061 Animam,
930 4984 1058 5044 llll.
1108 4983 1227 5044 kal.
1274 4983 1662 5060 Decembris,
1711 4985 2112 5062 pontificatus
2159 4988 2359 5045 nostri
2403 5000 2568 5045 anno
2616 4988 2834 5047 tercio.
2913 5010 2920 5015 ·

746 5086 1079 5152 Dlplomatar.
1115 5087 1333 5153 Norvess.
1372 5086 1451 5139 Vl.
1486 5086 1607 5140 265.

3541 2952 3624 3005 24.
3663 2954 3873 3005 Octobr.

3543 3672 3625 3727 17.
3662 3674 3850 3727 Novbr.

3538 3978 3623 4033 21.
3661 3980 3701 4029 N
3705 3979 3847 4031 ovbr.

3534 4576 3617 4630 28.
3656 4577 3843 4628 Novbr.
