4275 5759
1412 379 1623 454 Kone
1678 381 1869 456 Em
1924 374 2290 448 Gmm’me.
3412 385 3507 455 93

343 517 422 522 “-
3639 567 3817 632 1279.

546 649 725 717 *508.
815 653 1229 730 Tnmuciaus)
1284 657 1659 734 praepositus
1706 655 1779 717 de
1847 652 2292 735 Thytbaesysael
2359 652 2638 714 ecclesiae
2682 651 2876 714 beatae
2935 653 3190 730 virginis
3246 651 3508 732 Ripensi
3576 670 3624 723 2.
3661 670 3818 721 sunu.

213 754 433 814 curiam
478 755 541 814 in
585 753 1103 832 Waestaerthaligh
1162 763 1223 818 et
1278 759 1510 820 curiam
1570 760 1633 820 in
1693 759 1953 838 Cnaesyo
2012 761 2234 820 scotat.
2283 789 2362 802 -
2411 754 2736 833 hysteron,
2801 760 2973 816 sexta
3025 755 3178 816 feria
3232 757 3511 836 proxima

212 861 345 932 post
388 855 765 919 dominicam
810 858 1149 920 Trinitatis.

810 959 924 1011 Udt.
964 962 979 1010 l
1017 959 1074 1012 Ο.
1112 959 1338 1022 Nlelsen,
1378 961 1613 1026 Samllng
1649 963 1703 1014 at
1732 962 2043 1016 Adkomster
2080 975 2126 1011 o.
2166 973 2208 1011 s.
2245 973 2292 1010 v.
2329 959 2410 1010 for
2447 959 2576 1010 Rlbe
2612 959 2933 1022 Domkapltel
2971 959 3022 1008 S.
3059 958 3276 1012 63-64.

534 1049 721 1115 1270,
811 1051 1027 1110 Muncb,
1082 1051 1319 1117 Pavellge
1372 1054 1617 1106 Nuntters
1662 1053 1993 1118 Regnskabs·
2047 1065 2113 1116 og
2160 1051 2427 1136 Dagboger
2473 1051 2522 1100 S.
2561 1049 2677 1103 147.
2747 1049 2862 1102 Udt„
2901 1053 2918 1100 ι
2956 1048 3209 1112 Porthan,
3263 1053 3508 1104 Accessio
3576 1063 3622 1116 6,
3659 1063 3818 1114 sunu,

814 1137 865 1187 S.
901 1136 1120 1192 56—57.

544 1223 718 1291 *509.
807 1227 1108 1292 Nicotaus
1154 1227 1383 1306 nutius,
1440 1248 1599 1312 papa
1642 1249 1853 1310 regem
1898 1232 2123 1324 Datiae,
2183 1227 2480 1308 populum
2540 1227 2614 1289 ad
2663 1226 2980 1289 denarium
3036 1229 3100 1288 in
3159 1227 3504 1292 subsidium
3573 1248 3620 1299 6.
3659 1247 3815 1298 sunu.

212 1335 375 1388 terrae
424 1335 655 1392 sanctae
713 1331 1119 1393 constitutum
1181 1332 1593 1396 exhibendum
1661 1336 2029 1396 excitantem
2087 1348 2278 1409 seque
2335 1333 2398 1390 in
2455 1329 2878 1412 promovendo
2942 1333 3194 1408 negotio
3250 1331 3503 1393 decimoe

214 1433 532 1509 propitium
576 1430 989 1512 prementem,
1050 1433 1274 1496 laudat.
1328 1469 1400 1482 -·
1449 1435 1625 1498 Rome
1668 1438 1834 1515 apud
1874 1440 2139 1496 sanctum
2183 1434 2462 1508 Petrum,
2513 1430 2669 1493 Vlll.
2717 1431 2800 1494 id.
2850 1433 3047 1511 sunit,
3108 1433 3506 1512 pontificatus

214 1535 395 1594 nostri
442 1550 607 1596 anno
656 1533 953 1597 secundo.

812 1637 884 1700 Ny
919 1637 1184 1718 mirumst.
1224 1639 1515 1704 samnngor
1552 1641 1633 1692 ιιι.
1670 1639 1909 1696 132-33
1945 1639 2083 1703 (mod
2118 1639 2472 1691 Overskritten
2509 1637 2662 1699 1278.
2697 1638 2810 1700 svfr-
2855 1637 2906 1690 S·
2942 1637 3076 1702 369)-

544 1727 719 1792 ’510.
811 1727 1110 1792 Nicotaus
1158 1730 1389 1806 (Illtius)
1436 1747 1595 1813 papa
1638 1733 2182 1813 archiepiscopum
2231 1735 2292 1792 et
2338 1732 2675 1811 episcopos
2720 1731 2783 1792 in
2831 1746 3024 1808 regno
3072 1729 3261 1791 Datioe
3308 1737 3504 1810 rogat,
3574 1746 3622 1799 6.
3659 1747 3815 1798 sunu.

214 1837 275 1890 ut
312 1831 636 1909 pecuniam
681 1832 745 1892 in
786 1831 1216 1910 iurisdictione
1263 1834 1647 1910 singulorum
1710 1836 1773 1896 in
1821 1834 2168 1897 subsidium
2231 1839 2406 1894 terrae
2469 1838 2699 1894 sanctae
2747 1832 3071 1895 collectam
3128 1834 3204 1894 ad
3258 1839 3504 1914 portum

220 1931 537 2010 Ripensem
596 1930 820 1994 deferri
864 1943 1238 2014 procurent,
1296 1935 1460 1999 unde
1506 1938 1572 1998 in
1620 1937 1935 2000 Franciam
1993 1952 2103 2015 per
2150 1935 2230 1998 M.
2281 1933 2690 1998 Bertrandum
2735 1933 3048 2014 Amalrici,
3107 1936 3504 1999 collectorem

216 2034 451 2096 decimae
496 2052 535 2096 a
580 2034 728 2098 sede
784 2038 1129 2115 apostolica
1183 2037 1575 2119 deputatum,
1623 2041 1917 2102 mittatur.
1965 2073 2047 2084 —
2106 2039 2281 2100 Rome
2339 2039 2505 2116 apud
2547 2038 2830 2098 Sanctum
2873 2037 3148 2114 Petrum,
3209 2038 3363 2103 V111.
3420 2039 3503 2101 id.

216 2135 387 2215 lunii,
430 2137 833 2217 pontificatus
878 2142 1079 2202 nostri
1122 2157 1287 2202 anno
1335 2141 1633 2204 secundo.

805 2241 877 2305 Ny
910 2241 1176 2294 kirkehist.
1214 2242 1507 2308 Samllnger
1542 2243 1625 2294 ΙΙΙ.
1660 2243 1898 2298 368--69
1936 2243 2073 2308 (med
2112 2243 2464 2294 overskril'ten
2501 2240 2670 2306 1278).

544 2329 719 2396 *511.
812 2332 1113 2396 Nicotaus
1183 2333 1411 2410 (muns)
1481 2351 1643 2416 papa
1710 2335 1790 2398 Μ.
1862 2335 2201 2397 bertrando
2269 2334 2578 2413 Amalrici,
2660 2334 2964 2394 canonico
3039 2331 3367 2412 Remensi‚
3438 2337 3503 2398 in
3575 2347 3623 2401 9.
3658 2349 3815 2399 sunu.

220 2435 409 2508 regnis
450 2433 647 2496 Datiae
693 2440 753 2498 et
798 2435 1036 2500 Suetiae.
1064 2435 1319 2498 decimae
1367 2439 1427 2498 in
1477 2437 1821 2500 subsidium
1882 2444 2057 2500 terrae
2106 2443 2335 2500 sanctae
2384 2435 2686 2514 deputatae
2735 2435 3076 2512 collectori,
3123 2423 3392 2515 mandat,
3438 2444 3507 2501 ut

219 2534 547 2598 Thutonem
596 2542 659 2599 et
694 2537 1080 2616 Bondonem‚
1129 2539 1463 2620 episcopos
1492 2539 1831 2620 Ripensem
1856 2546 1917 2602 et
1941 2541 2419 2613 Sclavicensem‚
2467 2540 2567 2616 qui
2617 2539 2882 2600 clericos
2906 2541 3160 2618 propter
3203 2538 3504 2601 decimam

222 2637 545 2701 reddituum
593 2640 1161 2716 ecclesiasticorum
1206 2659 1334 2704 non
1380 2642 1582 2704 datam
1628 2645 2198 2705 excommunicatos
2245 2640 2520 2703 redditus
2566 2640 3008 2702 beneficiorum
3059 2657 3314 2703 suorum
3358 2658 3504 2723 per-

222 2741 405 2818 cipere
451 2747 511 2804 et
558 2743 620 2803 in
666 2740 887 2806 iisdem
934 2745 1281 2807 ministrare
1328 2746 1496 2824 passi
1556 2751 1703 2807 sunt
1746 2752 1807 2806 et
1861 2747 1979 2826 ipsi
2026 2746 2406 2807 decimarum
2451 2745 2546 2805 vix
2599 2745 2838 2805 tertiam
2884 2748 3119 2823 partem
3168 2743 3504 2825 solverunt,

222 2849 467 2922 moneat,
516 2850 584 2906 ut
626 2846 789 2906 intra
832 2863 1023 2908 unum
1068 2863 1347 2926 mensem
1396 2849 1450 2908 ei
1499 2848 1909 2927 satisfaciant3
1960 2849 2013 2910 si
2056 2864 2209 2925 non,
2257 2853 2326 2909 ut
2370 2863 2581 2909 coram
2642 2845 2788 2908 sede
2847 2845 3192 2925 apostolica
3247 2862 3502 2928 compa-

221 2951 393 3006 reant.
444 2981 519 2992 -—
568 2946 745 3010 Rome
786 2950 955 3026 apud
996 2949 1279 3012 Sanctum
1322 2951 1583 3026 Petrum,
1635 2951 1708 3012 V.
1757 2952 1897 3014 idus
1944 2951 2132 3028 Junii,
2179 2949 2578 3029 pontificatus
2622 2950 2821 3012 nostri
2868 2965 3032 3010 anno
3081 2947 3380 3011 secundo.

812 3052 883 3114 Ny
918 3050 1181 3102 kirkehlst.
1221 3050 1513 3116 Samnager
1549 3052 1627 3104 ΙΙΙ.
1663 3052 1901 3107 369—71
1936 3053 2075 3112 (med
2110 3051 2489 3104 Oversltriften:
2528 3051 2696 3116 1278).

504 3140 679 3207 1”512.
771 3141 1072 3206 Nicotaus
1118 3141 1365 3226 (ultius)
1426 3159 1586 3225 papa
1629 3143 1971 3207 Bertrando
2016 3144 2306 3206 Amalrici
2377 3143 2696 3205 collectori
2758 3142 3010 3204 decimae
3057 3146 3118 3205 in
3167 3143 3389 3206 Suetiae
3446 3150 3507 3206 et
3573 3158 3620 3212 9.
3658 3160 3815 3211 sunu.

224 3239 383 3304 Datie
427 3247 637 3322 regnis
682 3245 952 3324 mandat,
1010 3251 1081 3309 ut
1138 3252 1356 3308 contra
1400 3246 1685 3326 clericos,
1748 3249 1855 3324 qui
1912 3264 1979 3308 se
2035 3247 2113 3308 ad
2173 3253 2366 3308 terras
2424 3253 2694 3308 remotas
2750 3247 3084 3308 transferre
3151 3253 3211 3308 et
3269 3246 3504 3324 aliquas

224 3345 571 3420 quantitates
617 3351 920 3427 pecuniis,
968 3366 1153 3436 quam
1198 3349 1273 3410 de
1320 3349 1561 3410 decima
1605 3349 2028 3428 collegissent,
2076 3365 2293 3410 secum
2325 3355 2644 3428 asportare
2679 3350 3210 3429 praesumpserint,
3257 3365 3506 3411 manum

224 3455 507 3522 aggravet.
560 3485 639 3496 -
686 3450 861 3512 Rome
904 3453 1072 3534 apud
1113 3457 1379 3512 sanctum
1422 3453 1688 3530 Petrum,
1736 3453 1806 3513 V.
1854 3453 1935 3515 id.
1985 3452 2174 3530 Junii,
2221 3449 2561 3530 pontificat.
2611 3467 2776 3513 anno
2822 3451 3122 3514 secundo.

810 3553 1018 3614 Enoch,
1058 3554 1291 3618 Pavellge
1329 3555 1572 3606 Nuntlers
1610 3553 1941 3619 Regnskabs-
1980 3567 2043 3618 og
2081 3554 2349 3617 Dagbeger
2385 3553 2435 3604 S.
2473 3551 2589 3606 148.

548 3653 725 3720 *513.
815 3657 1117 3720 Nicotaus
1166 3656 1415 3738 (llltiuss)
1458 3673 1619 3738 papa
1661 3657 2003 3720 Bertrando
2049 3657 2339 3719 Amalrici
2384 3656 2654 3734 mandat,
2702 3662 2770 3717 ut
2815 3661 3032 3718 contra
3075 3658 3306 3720 clerum
3355 3661 3504 3721 civi·
3575 3672 3624 3724 9.
3660 3672 3816 3724 sunu.

225 3758 349 3816 tatis
392 3757 732 3838 Scarensis,
780 3761 883 3837 qui
930 3762 1228 3840 impetum
1272 3761 1336 3821 in
1381 3761 1719 3823 nonnullos
1767 3762 2159 3838 clericorum,
2208 3775 2366 3838 quos
2411 3761 2474 3818 in
2500 3758 2691 3820 Datiae
2740 3763 2800 3820 et
2833 3759 3066 3821 Suetiae
3112 3761 3322 3838 regnis
3369 3761 3503 3824 col-

226 3857 468 3922 lectores
525 3860 779 3924 decimae
837 3862 1249 3942 deputaverit,
1306 3863 1599 3942 fecerint,
1658 3863 1973 3943 procedat.
2024 3897 2102 3908 —
2162 3863 2336 3923 Rome
2379 3861 2546 3940 apud
2588 3867 2853 3923 sanctum
2897 3861 3176 3942 Petrum,
3245 3863 3317 3926 V.
3364 3863 3504 3927 idus

225 3958 391 4041 lunii,
434 3964 833 4041 pontificatus
878 3981 1044 4028 anno
1089 3964 1163 4028 11.

810 4067 1019 4126 Hunch,
1058 4067 1293 4132 Pavellge
1328 4068 1573 4120 Nuntiet-s
1610 4067 1942 4132 Regnskabs·
1981 4081 2044 4133 og
2080 4068 2349 4133 Dagboger
2387 4067 2436 4118 S.
2473 4067 2588 4121 149.

546 4157 722 4223 *514
812 4159 1113 4222 Nicotaus
1139 4159 1387 4241 (muns)
1431 4175 1593 4240 papa
1626 4159 1968 4222 Bertrando
1993 4161 2285 4222 Almarici
2328 4159 2598 4237 mandat,
2645 4164 2734 4233 ut,
2771 4160 2825 4220 si
2861 4164 3196 4240 proventus
3232 4161 3504 4225 nonnul·
3575 4173 3622 4228 9.
3659 4175 3816 4227 sunu.

226 4257 403 4322 lorum
452 4259 799 4324 reddituum
847 4263 907 4323 in
957 4262 1413 4326 cathedralibus
1462 4263 1745 4325 ecclesiis
1794 4265 1856 4323 in
1887 4263 2077 4325 Datiae
2113 4269 2174 4326 et
2206 4263 2427 4325 Suetiae
2475 4262 2684 4338 regnis
2730 4279 2844 4342 pro
2889 4263 3340 4326 ministratione
3385 4266 3506 4325 vini

226 4367 276 4420 et
316 4365 479 4424 ostioe
525 4364 957 4443 deputatorum
1002 4365 1159 4428 adeo
1206 4367 1411 4443 magni
1459 4367 1617 4444 sint,
1676 4370 1745 4427 ut
1788 4368 2150 4428 ministratis
2212 4366 2352 4427 vino
2411 4370 2471 4428 et
2527 4366 2703 4426 ostiis
2762 4366 3022 4428 multum
3070 4368 3373 4447 supersit,
3431 4367 3507 4428 de

228 4463 331 4524 illis
374 4466 611 4528 decima
655 4467 1060 4547 persolvatur,
1110 4469 1163 4530 si
1208 4485 1447 4549 parum,
1495 4486 1622 4530 non
1667 4469 2072 4549 persolvatur.
2124 4504 2198 4513 --
2250 4467 2424 4529 Rome
2466 4470 2634 4546 apud
2676 4475 2938 4530 sanctum
2986 4469 3256 4548 Petrum,
3303 4470 3375 4531 V.
3423 4469 3505 4531 id.

228 4563 393 4647 lunii,
439 4569 837 4647 pontificatus
882 4587 1045 4632 anno
1089 4559 1165 4633 ll.

814 4671 1025 4732 Huncb,
1065 4672 1300 4738 Pavellge
1335 4674 1580 4726 Nuntlers
1618 4673 1950 4738 Regnskabs-
1987 4689 2051 4738 og
2086 4674 2356 4739 Dagboger
2393 4673 2443 4726 S.
2481 4672 2596 4746 150.

552 4760 724 4827 ⁶515.
814 4763 1115 4828 Nicotaus
1162 4763 1409 4846 (ultius)
1456 4783 1615 4846 papa
1660 4765 2154 4846 archiepiscopis
2222 4771 2282 4827 et
2350 4765 2666 4864 episcopis
2735 4769 2798 4827 et
2861 4767 2996 4827 aliis
3063 4764 3331 4846 praelatis
3398 4782 3510 4844 per
3577 4781 3658 4836 13,
3695 4781 3855 4833 sunu.

232 4858 399 4922 Datiae
446 4870 511 4924 et
555 4865 771 4926 Suetioe
819 4883 1011 4942 regna
1054 4869 1411 4930 constitutis
1458 4868 1728 4942 mandat,
1790 4874 1857 4930 ut
1913 4871 2188 4930 omnium
2246 4869 2812 4930 ecclesiasticorum
2869 4873 3276 4949 proventuum
3334 4867 3506 4928 deci-

232 4979 372 5024 mam
418 4982 459 5026 a
505 4965 798 5042 Gregorio
846 4968 1039 5050 (Xmo)
1084 4986 1245 5050 papa
1288 4973 1351 5031 in
1400 4970 1745 5034 subsidium
1791 4977 1967 5032 terroe
2028 4976 2258 5032 sanctae
2306 4971 2660 5050 deputatam
2721 4971 2960 5049 integre
3005 4970 3377 5050 persolvant.
3429 5003 3504 5014 —-
3551 5055 3554 5062 Ι

232 5063 381 5126 Rome
425 5069 599 5145 apud
638 5077 893 5132 sanctum
943 5073 1203 5146 Petrum,
1252 5073 1331 5134 id.
1381 5073 1567 5152 Junii,
1615 5081 1786 5152 pont.
1836 5089 2000 5134 anno
2048 5072 2188 5133 lldo,

813 5173 1021 5235 Muncb,
1060 5173 1295 5239 Pavolige
1330 5175 1577 5228 Nuntlers
1612 5175 1943 5240 Rognskabs-
1982 5189 2045 5240 og
2083 5176 2350 5240 Dagbeger
2387 5168 2438 5227 S'.
2475 5174 2725 5255 150—51.
