4275 5759
782 346 925 420 268
1882 335 2099 411 Kone
2151 334 2546 408 VALDEMAR
2599 334 2998 409 Amnum.

465 514 497 579 1
640 561 653 576 .

400 616 486 671 20.
505 512 705 669 ffi„
1082 614 1299 681 *1895.
1388 616 1761 690 Nicuomusz,
1778 613 2118 691 episcopus
2136 610 2567 687 othoniensis,
2581 608 2876 671 omuibus
2889 610 3354 688 poenitentibus
3368 610 3700 673 ecclesiam
3719 630 3771 675 8.
3787 612 4108 677 Laurentii

776 719 1173 783 Lundensem
1210 717 1557 780 devotionis
1594 731 1783 778 causa
1817 714 2211 775 visitantibus
2251 719 2370 773 etc.
2408 711 2494 776 40
2527 711 2660 772 dies
2697 711 3216 790 indulgentiarum
3253 713 3328 775 de
3363 714 3665 793 injunctis
3698 718 4108 794 poenitentiis

780 822 1029 884 relaxat.
1077 855 1160 866 —
1206 820 1473 883 Sabbato
1521 818 1847 881 Sicieutes.

1392 938 1524 1005 Dlpl.
1563 938 1798 999 Svecan„
1834 936 1914 987 ed.
1952 934 2007 986 B.
2035 934 2093 985 E.
2120 931 2440 986 fflldebrand
2475 930 2533 985 V.
2568 930 2823 989 246—4'1.

404 1079 486 1134 25.
524 1080 713 1135 raartfl.
1083 1076 1302 1143 *1896.
1392 1077 1727 1138 Decretum
1797 1088 2097 1135 consumit
2155 1071 2545 1135 Lusncnnsmu
2612 1073 2676 1132 iu
2742 1072 2848 1133 lite
2917 1070 3150 1133 Hinrici
3208 1071 3537 1135 Calchorst
3601 1081 3665 1137 et
3717 1076 3958 1139 willeri
4025 1064 4106 1139 de

778 1180 1025 1258 Brema,
1074 1182 1223 1242 civis
1266 1178 1633 1241 Suudensis.
1714 1176 1881 1238 luter
1924 1180 2119 1237 testes
2166 1175 2548 1237 nominatur:
2597 1173 2916 1236 Johannes
2954 1174 3206 1251 Longus
3243 1176 3307 1235 in
3345 1175 3580 1240 88118118
3613 1178 3972 1243 advocatu&
4023 1214 4106 1225 —

781 1282 1093 1363 (Labeo-lc),
1140 1284 1295 1345 feria
1340 1284 1554 1361 quinta
1596 1284 1738 1342 ante
1784 1278 2158 1341 dominicam
2201 1274 2573 1338 Palmarum.

1392 1396 1729 1453 Urknndenb.
1766 1397 1815 1450 d.
1854 1396 2003 1450 stadt
2035 1396 2249 1448 Lubeck
2281 1396 2341 1446 11.
2379 1394 2495 1449 742.

406 1542 489 1597 29.
527 1543 711 1595 Uartu.
1087 1538 1306 1603 *1897.
1396 1539 1602 1600 JURATI
1628 1536 1820 1599 totius
1849 1540 2027 1597 terrae
2052 1534 2280 1608 Ynnmn
2304 1540 2520 1597 notum
2545 1533 2800 1611 faciunt,
2826 1533 3174 1597 Johaunem
3199 1541 3261 1596 et
3282 1532 3676 1599 domicellum
3691 1538 4106 1621 Gherardum‚

782 1644 1028 1706 comitis
1076 1641 1411 1721 Holtzacie,
1463 1640 1783 1703 Ludekino
1830 1638 2212 1723 Denstorpe,
2266 1636 2380 1699 civi
2426 1635 2792 1713 Lubicensi,
2851 1636 3065 1713 viginti
3113 1640 3384 1716 quinque
3431 1656 3776 1703 marcarum
3822 1642 4108 1707 redditus

785 1748 847 1805 in
894 1745 1037 1807 villa
1079 1744 1536 1825 Thodendorpe
1581 1740 1957 1804 vendidisse.
2008 1774 2082 1785 -
2136 1738 2349 1817 Bor-ch,
2389 1739 2548 1800 feria
2593 1738 2871 1800 secunda
2913 1746 3058 1816 post
3099 1726 3363 1801 Palmas.

1394 1861 1733 1914 Urkuudenb.
1772 1860 1822 1911 d.
1861 1858 2010 1911 Stadt
2043 1859 2255 1911 Lubeck
2294 1858 2350 1909 11.
2390 1856 2643 1913 742—43.
2715 1857 3014 1917 Michelsen,
3051 1856 3546 1913 Urlmndensamml.
3583 1860 3641 1912 11.
3681 1860 3800 1916 208.

384 2002 713 2068 15·A1²¹·¹¹¹⁸·
1022 1964 1027 1969 .
1088 1981 1308 2065 ²1898.
1398 1998 1648 2061 Mac-nus
1694 1998 1998 2060 Bioanson
2047 1997 2470 2074 recognoscit,
2519 2012 2586 2057 88
2633 1998 2694 2055 in
2742 1996 2970 2075 placito
3016 1995 3578 2061 Harthakersheret
3619 2016 3694 2061 ex
3735 2004 4109 2065 auctoritate

784 2108 999 2168 matris
1037 2104 1319 2165 Cristinae
1368 2102 1600 2165 curiam
1647 2100 1833 2178 hujus
1880 2101 1945 2160 iu
1986 2098 2384 2178 Hortaetborp
2431 2100 2612 2159 sitam
2648 2097 3033 2177 Benechino,
3081 2099 3388 2161 canonico
3433 2100 3770 2181 Lundensi,
3821 2111 4112 2167 scotasse

786 2214 847 2271 81
890 2207 1239 2270 tradidisse.
1290 2242 1363 2250 —-
1414 2204 1527 2267 Die
1574 2202 2031 2282 quintadecima
2074 2203 2312 2264 mensis
2360 2202 2606 2281 Aprilis.

1398 2306 1528 2372 Dlpl.
1568 2306 1803 2365 Svecan„
1841 2304 1921 2356 ed.
1961 2304 2013 2355 B.
2043 2302 2099 2354 E.
2128 2302 2449 2356 Hildebrand
2483 2304 2539 2353 V.
2575 2300 2692 2357 250.

494 2448 543 2501 3.
584 2450 713 2509 111811-
1092 2444 1307 2510 ·1899.
1397 2444 1633 2519 Hertug
1668 2442 1993 2504 Vannius
2034 2442 2102 2502 af
2139 2440 2380 2520 Jyllaud
2426 2440 2711 2502 erkloerer
2755 2446 2816 2501 at
2859 2440 3012 2503 have
3056 2446 3344 2519 paataget
3387 2440 3484 2518 sig
3521 2440 3816 2521 Moegling
3859 2448 4110 2509 mellem

784 2548 965 2625 Kong
996 2548 1321 2611 Valdemar
1354 2547 1419 2609 af
1436 2546 1747 2607 Danmark
1789 2560 1870 2620 og
1895 2544 2206 2607 Grevcrne
2240 2542 2490 2621 Esuriit,
2529 2542 2716 2606 Claus
2753 2559 2833 2619 og
2859 2543 3134 2605 Gcrhard
3169 2544 3236 2605 af
3249 2544 3534 2607 Holsten.
3561 2546 4114 2629 -Svuderbor912,

785 2668 864 2713 an
910 2651 1088 2713 deme
1136 2650 1337 2726 daghe
1383 2649 1495 2710 des
1541 2647 1797 2724 hilghen
1845 2645 2105 2725 Cruces,
2153 2647 2286 2707 also
2331 2648 2380 2706 it
2424 2644 2792 2721 ghevunden
2839 2651 3007 2707 wart.
3727 2648 4112 2730 (Plattydgm

1400 2752 1671 2808 Stemann,
1710 2748 2023 2800 Geschlchte
2050 2748 2099 2797 d.
2130 2747 2468 2799 offentllchen
2502 2760 2554 2799 u.
2585 2745 2980 2800 Privat-Rochts
3007 2748 3054 2798 d.
3085 2748 3464 2812 nerzogthums
3488 2749 3772 2816 schleswtg
3809 2752 3891 2804 111.
3921 2754 4112 2809 9—10.

499 2892 547 2945 6-
586 2892 717 2953 Man.
916 2922 927 2935 ·
1092 2887 1310 2953 *1900.
1399 2888 1627 2950 Pnrnus
1684 2885 1937 2949 Nicoma
1994 2885 2200 2947 dictus
2255 2884 2334 2946 de
2391 2884 2580 2963 Nym,
2638 2884 2977 2947 canonicus
3031 2884 3422 2967 Lundeusis,
3478 2887 3756 2969 Josepho
3811 2890 4112 2973 Botulphi

786 2994 1219 3057 concanonico
1276 2992 1523 3071 plenam
1580 2988 1684 3049 dat
1738 2994 2108 3068 potestatem
2169 2988 2376 3050 omnia
2429 2986 2596 3049 bona
2651 3004 2766 3049 sua
2819 2988 2882 3047 iu
2939 2986 3236 3051 Harclese
3293 2992 3415 3052 sita
3467 2992 3738 3071 capitulo
3791 2992 4114 3057 Lundcusi

788 3095 1074 3159 scotandi
1118 3112 1232 3175 pro
1270 3095 1688 3155 anniversario
1724 3091 2031 3153 Waetbers
2070 3090 2375 3166 Sangaerae
2411 3090 2474 3149 in
2510 3090 2706 3153 choro
2742 3088 3060 3153 Lundensi
3103 3094 3419 3153 annuatim
3465 3094 3840 3157 celebrando
3885 3103 3951 3157 ct
3995 3114 4114 3177 pro

789 3198 1035 3277 debitis,
1085 3199 1149 3257 in
1197 3196 1421 3275 quibus
1467 3194 1738 3275 capitulo
1786 3196 1920 3271 ipse
1967 3198 2097 3254 erat
2142 3192 2473 3327 obligatus.
2522 3226 2602 3236 —
2648 3191 2762 3253 Dic
2805 3191 2867 3252 b.
2916 3191 3218 3257 Johaunis
3263 3196 3532 3275 apostoli
3578 3204 3642 3259 et
3683 3215 3918 3277 evang.
3965 3207 4114 3263 ante

786 3306 1027 3381 portam
1072 3300 1345 3361 latinam.

1401 3394 2450 3464 111111.8188811.,8(1.Β.Ε.Η11(181)1811(1
2483 3396 2540 3448 V.
2578 3396 2829 3451 259-—60.

468 3539 548 3593 12.
586 3540 723 3601 lmi.
1096 3537 1313 3603 *1901.
1404 3537 1738 3598 8188881188
1775 3534 2191 3598 ’111811111188811
2239 3534 2315 3596 de
2347 3536 2658 3613 Glatsaxa,
2707 3536 2906 3615 miles,
2953 3536 3266 3615 Michaeli,
3313 3538 3514 3600 electo
3547 3540 3908 3601 monasterii
3943 3541 4116 3604 beati

793 3642 950 3703 Petri
990 3642 1053 3701 in
1091 3639 1447 3719 Tommarp,
1496 3639 1949 3715 conventuique
1996 3636 2221 3697 ibidem
2270 3637 2435 3699 bona
2481 3635 2760 3713 quaedam
2805 3640 2868 3699 in
2906 3639 3184 3719 Stighby,
3231 3640 3626 3721 Tokoethorp,
3669 3642 4005 3706 Bonaerum
4049 3652 4120 3707 81

792 3744 1105 3807 Fulstoftae
1165 3744 1283 3803 sita
1336 3759 1449 3821 pro
1508 3741 1719 3801 missis
1777 3748 1839 3802 et
1894 3741 2331 3801 anniversariis
2393 3738 2780 3802 celebrandis
2837 3749 3040 3804 scotat
3095 3748 3159 3803 et
3213 3745 3505 3821 resignat.
3555 3778 3636 3789 —
3681 3746 3914 3823 Quarta
3957 3748 4120 3811 feria

790 3846 1073 3908 videlicet
1115 3845 1319 3922 vigilia
1360 3844 1752 3907 ascensionis
1798 3843 2067 3904 Domini.

1405 3946 1537 4011 Dlpl.
1575 3947 1809 4005 Svccan„
1848 3944 1927 3995 ed.
1966 3945 2020 3995 B.
2049 3942 2105 3995 E.
2134 3943 2452 3997 Hildebrund
2486 3944 2542 3995 V.
2578 3944 2829 4001 261—63.

468 4086 721 4147 2911811.
1100 4084 1319 4148 *1902
1410 4082 1609 4145 Minui
1675 4083 1841 4159 regis
1921 4098 2254 4157 regnorum
2324 4082 2554 4143 Swecie
2624 4089 2685 4143 et
2746 4082 3068 4161 Norwcgie
3133 4092 3436 4164 terraique
3505 4086 3726 4150 8881118
3791 4089 4118 4168 privilegia

795 4187 1252 4249 Lubicensibus
1300 4186 1459 4263 data,
1509 4186 1669 4246 inter
1714 4200 1849 4263 quae
1888 4186 1993 4262 jus
2040 4183 2206 4245 bona
2251 4202 2284 4245 e
2329 4184 2612 4263 navibus,
2659 4202 2794 4263 quae
2843 4185 2958 4247 sub
3005 4188 3214 4264 regnis
3255 4188 3483 4251 Swecie
3531 4197 3592 4252 81
3638 4188 3958 4267 Norwegie
4005 4200 4116 4255 aut

793 4291 976 4353 terris
1024 4289 1244 4350 Scanie
1304 4306 1413 4351 seu
1462 4287 1780 4349 Hallandie
1828 4286 2218 4362 naufragium
2263 4302 2464 4366 passae
2514 4288 2908 4366 81111,111)818
2955 4307 2987 4349 e
3033 4305 3201 4352 mare
3249 4292 3628 4354 extrahendi.
3679 4328 3750 4337 —-
3801 4294 3876 4354 In
3917 4302 4116 4355 castro

794 4398 989 4453 nostro
1036 4390 1416 4469 Wardberyh,
1465 4389 1722 4452 sabbato
1766 4390 2104 4450 TrinitatiS.

1408 4489 2500 4553 Torfoeus,nist.uorveg.1V.474-75.
2580 4491 2711 4556 Dipl.
2748 4493 2986 4553 Svecan„
3023 4494 3101 4545 ed.
3139 4494 3193 4545 B.
3219 4496 3280 4546 E.
3308 4495 3626 4548 Eudebrand
3660 4497 3714 4548 V.
3749 4497 3866 4553 264.
3939 4498 4116 4550 Brud·

1411 4578 1574 4642 stykk.
1612 4579 1631 4628 1
1666 4577 2000 4629 Urkuudenb.
2039 4575 2088 4626 d.
2126 4574 2275 4627 Stadt
2309 4576 2519 4628 Lubeck
2555 4578 2612 4629 ll.
2652 4578 2901 4633 745—46.

474 4718 558 4771 30.
596 4718 727 4779 Mnji·
1105 4714 1320 4780 *1903
1410 4716 1608 4778 Maeni
1643 4716 1810 4791 regis
1848 4714 2146 4791 Swechie,
2181 4714 2506 4793 Norwegie
2543 4722 2606 4777 et
2629 4716 2850 4779 Skanie
2885 4718 3098 4781 litterae
3134 4718 3210 4779 de
3246 4718 3790 4782 confoederatione
3827 4737 3943 4783 sua
3965 4740 4112 4785 cum

800 4818 1150 4880 civitatibus
1208 4817 1590 4896 Lubycensi,
1652 4817 2232 4896 Stralensundensi,
2293 4817 2779 4895 Rozstoccensi,
2849 4820 3370 4967 Gripeswoldeusi
3431 4827 3493 4881 81
3546 4823 3978 4886 Wismarieusi
4035 4826 4112 4886 ad

800 4922 1029 5001 piratas
1075 4921 1553 5001 impugnandos.
1604 4954 1681 4965 --
1728 4919 2053 4981 Dominica
2096 4920 2433 4982 Trinitatis.

1411 5024 1693 5081 Sartorius,
1733 5019 2044 5073 Geschlcbte
2079 5021 2127 5071 d.
2163 5022 2347 5083 11111188,
2385 5022 2464 5074 ed.
2495 5021 2832 5087 Lappenberg
2859 5022 2918 5075 11.
2947 5024 3203 5079 375-76.
3271 5024 3608 5077 Urkundcnb.
3645 5026 3696 5077 d.
3723 5026 3874 5079 stadt
3901 5028 4118 5081 Lubeck

1410 5106 3349 5174 ltus—47.nanserecessel.70-71.Brudst.1meklenhurglscuoa
3380 5111 3715 5164 urkundenb.
3745 5112 4116 5169 1x.563-c4.
