4275 5759
454 554 481 619 1
494 548 643 616 355.

404 978 451 1031 7.
488 980 694 1043 septbr.

403 1578 449 1631 7.
489 1580 691 1657 septbr.

403 1989 450 2041 7.
489 1990 693 2055 septbr.

406 2503 451 2554 7.
491 2503 695 2568 Septbr.

404 2912 450 2965 7.
488 2912 693 2977 Septbr.

402 3424 451 3479 7.
490 3426 693 3490 septbr.

322 3937 381 3989 C.
402 3936 485 3990 11.
509 3938 713 4002 septbr.

374 4246 449 4299 16.
488 4245 692 4309 septbr.

364 4756 447 4810 21.
487 4758 691 4821 septbr.

770 386 920 457 310
1878 381 2095 454 Kone
2147 380 2548 454 VALm-:uan
2604 384 2997 457 Armanas.

767 644 1071 735 personis
1116 657 1549 721 remissionem
1609 658 1853 737 plenam
1914 665 2315 737 peccatorum
2374 659 2497 722 dat.
2548 694 2628 705 —
2675 660 2854 737 Apud
2901 657 3332 719 Villamnovam
3379 658 3790 719 Avinionensis
3831 658 4128 735 dioec-ris,

767 755 1089 820 Vllnidus
1136 757 1543 839 Septembris,
1591 777 1756 822 anno
1803 764 2020 824 tercio.

1389 859 1507 913 Udt.
1544 864 1561 912 t
1597 862 1671 927 Ny
1707 863 1973 916 kirkeblst.
2012 864 2309 929 Samlinger
2343 863 2425 915 lv.
2460 863 2577 919 583.

1074 978 1291 1043 *224Ο.
1383 980 1772 1045 quorznrws
1820 984 2029 1057 (Vltus)
2075 1000 2238 1064 papa
2283 984 2466 1046 Petro
2513 984 2874 1062 Laurencii,
2925 983 3134 1061 militi,
3182 980 3505 1059 concedit,
3553 988 3622 1044 ut
3665 984 4122 1061 canonicatum
4243 955 4271 993 ⁵

768 1089 830 1142 et
891 1082 1286 1162 praebendam
1346 1085 1407 1143 in
1468 1085 1736 1149 ecclesia
1784 1085 2047 1163 Ripensi
2106 1102 2143 1147 a
2199 1087 2704 1166 progenitoribus
2763 1086 2894 1147 suis
2947 1084 3202 1146 fundata
3261 1090 3324 1144 et
3375 1100 3489 1164 per
3541 1102 3804 1160 guerras
3861 1084 4124 1146 sublata

766 1183 843 1245 de
890 1200 1053 1245 novo
1101 1186 1423 1247 instituere
1472 1203 1585 1249 scu
1632 1188 1913 1250 instituta
1959 1190 2296 1250 reformare
2341 1207 2413 1250 ac
2461 1206 2575 1269 pro
2635 1206 2702 1250 se
2751 1194 2813 1249 et
2856 1186 3192 1249 heredibus
3239 1188 3372 1248 suis
3407 1189 3516 1267 jus
3562 1186 3987 1266 praesentandi
4039 1187 4120 1247 ad

766 1302 841 1346 ea
918 1288 1185 1348 retinere
1266 1289 1485 1366 possit.
1555 1324 1632 1335 -
1704 1292 1885 1367 Apud
1952 1290 2380 1351 Villamnovam
2449 1292 2863 1351 Avinionensis
2923 1290 3204 1368 diocesis,
3286 1288 3390 1350 Vll
3486 1289 3625 1352 idus
3693 1288 4120 1369 Septembris,

766 1404 931 1449 anno
978 1389 1195 1450 tercio.

1380 1474 1497 1527 Udt.
1533 1478 1552 1526 i
1591 1476 1665 1539 Ny
1699 1476 1969 1528 kirkehlst.
2008 1477 2307 1542 Samllnger
2343 1478 2422 1532 lv.
2459 1478 2577 1533 583.

1070 1576 1290 1641 *2241.
1384 1577 2215 1661 lunocnur11181vltus)papa‚
2249 1581 2434 1643 Petro
2460 1582 2784 1643 Laurencii
2823 1588 2884 1641 et
2921 1579 3104 1642 Petro
3141 1580 3397 1658 Stugge,
3433 1580 3755 1658 militibus,
3791 1580 4121 1641 ambacia-

767 1678 1008 1741 toribus
1052 1681 1247 1757 regis
1308 1680 1545 1761 Dacioe,
1614 1684 1871 1758 gratiam
1939 1684 2214 1761 faciens,
2271 1684 2540 1745 Johanni
2595 1684 2802 1760 Tenys
2861 1682 2938 1745 de
2995 1682 3366 1743 canonicatu
3435 1682 3718 1745 ecclesiae
3775 1682 4128 1745 Osiliensis

766 1782 1068 1859 providet.
1119 1816 1189 1826 —
1249 1784 1425 1860 Apud
1482 1783 1910 1844 Villamnovam
1956 1786 2374 1845 Avinionensis
2415 1788 2686 1863 diocesis,
2732 1784 2862 1847 vn.
2912 1784 3051 1849 idus
3101 1784 3506 1865 Septembris,
3552 1801 3718 1846 anno
3764 1786 3988 1851 tercio.

1380 1884 1494 1937 Udt.
1536 1888 1555 1935 t
1591 1886 1664 1950 Ny
1697 1885 1969 1937 kirkeblst.
2008 1887 2304 1951 Samlinger
2340 1887 2419 1939 lv.
2456 1886 2573 1942 584.

1074 1986 1291 2053 ’2242
1385 1988 1770 2052 luuocsurtus
1819 1989 2027 2065 (Vltus)
2073 1980 2268 2070 papa,
2330 1989 2893 2071 supplicationibus
2938 1987 3103 2051 Petri
3150 1989 3476 2051 Laurencii
3535 1996 3597 2050 et
3638 1988 3805 2052 Petri
3849 1990 4124 2068 Stugge,

767 2090 1029 2152 militum
1100 2091 1392 2169 regisque
1452 2091 1655 2152 Daciae
1714 2096 2065 2171 oratorum,
2135 2093 2504 2172 inclinatus,
2572 2094 2843 2155 Henrico
2899 2093 3198 2154 advocato
3257 2092 3334 2152 de
3390 2096 3762 2153 canonicatu
3819 2092 4124 2155 eeclesiae

767 2191 1259 2267 Hamburgensis
1309 2193 1424 2254 sub
1474 2196 1939 2272 exspectatione
1989 2194 2336 2273 proebendae
2384 2196 2638 2275 majoris
2685 2195 2986 2275 providet.
3036 2229 3117 2239 —
3153 2194 3332 2272 Apud
3379 2194 3806 2255 Villamnovam
3853 2195 4122 2254 Avium-

764 2299 963 2355 nensis
1003 2296 1272 2375 diocesis,
1322 2296 1449 2357 Vll.
1499 2296 1639 2357 idus
1688 2296 2093 2376 Septembris,
2142 2314 2306 2359 anno
2354 2300 2571 2360 tercio.

1380 2397 1495 2448 Udt.
1535 2400 1553 2449 i
1588 2397 1662 2463 Ny
1697 2397 1967 2450 kirkebist.
2008 2400 2303 2464 Samlinger
2340 2399 2420 2451 IV.
2457 2399 2576 2455 584.

1072 2498 1289 2564 ’2243.
1381 2500 1765 2563 lunocsurius
1824 2502 2033 2576 (Vltus)
2091 2520 2252 2582 papa
2309 2503 2536 2580 Magno
2596 2502 2854 2566 Nicolao
2913 2502 2988 2563 de
3045 2504 3415 2563 canonicatu
3475 2502 3758 2563 ecclesioe
3808 2500 4123 2581 Ripensis

768 2601 883 2663 sub
931 2604 1395 2683 exspectatione
1448 2601 1797 2683 praebendoe
1844 2605 2158 2684 providet,
2215 2623 2343 2667 non
2401 2606 2686 2667 obstante
2736 2605 2901 2683 quod
2951 2605 3281 2667 ecclesiam
3327 2603 3747 2683 parochialem
3793 2602 3857 2663 in
3907 2604 4120 2667 flors-

768 2704 915 2766 lund
962 2704 1255 2769 obtineat.
1300 2740 1369 2750 -
1414 2706 1591 2784 Apud
1625 2705 2053 2767 Villamnovam
2094 2709 2506 2769 Avinionensis
2547 2711 2816 2785 diocesis,
2865 2706 2994 2769 Vll.
3041 2706 3182 2768 idus
3222 2706 3627 2786 Septembris,
3675 2723 3840 2768 anno
3889 2708 4120 2769 tercio.

1379 2807 1498 2860 Udt.
1534 2810 1551 2858 l
1590 2808 1661 2873 Ny
1695 2809 1964 2861 kirkebist.
2004 2810 2300 2873 Samlinger
2337 2810 2416 2861 iv.
2453 2810 2571 2865 584.

1071 2909 1289 2975 *2244
1382 2911 1766 2974 lunocsnrius
1825 2913 2035 2987 (Vltus)
2096 2930 2258 2992 papa
2302 2913 2729 2992 waldemaro,
2789 2913 2914 2973 illio
2962 2914 3122 2973 Erici
3171 2911 3484 2990 quondam
3533 2912 3712 2973 ducis
3757 2911 3987 2989 Juciae‚
4055 2920 4122 2974 et

767 3014 941 3074 uxori
999 3016 1135 3093 ejus
1195 3031 1335 3075 cum
1396 3014 1721 3075 duodecim
1784 3016 2073 3095 personis
2131 3018 2454 3093 concedit,
2516 3022 2586 3077 ut
2641 3018 2705 3076 in
2763 3015 3244 3093 quibuscunque
3300 3014 3459 3075 locis
3515 3012 3896 3091 interdictis,
3957 3014 4116 3077 dum

764 3120 999 3179 tantum
1060 3132 1313 3178 causam
1360 3118 1688 3177 interdicto
1737 3134 1863 3178 non
1923 3117 2235 3196 dederint,
2296 3122 2524 3179 missas
2572 3125 2633 3179 et
2677 3120 2796 3179 alia
2853 3117 3061 3180 officia
3115 3117 3318 3178 divina
3374 3116 3628 3177 audiant
3681 3124 3743 3177 et
3797 3116 4122 3179 celebrari

764 3219 1013 3297 faciant,
1062 3225 1124 3279 et
1167 3226 1234 3279 ut
1281 3236 1545 3298 corpora
1592 3236 1806 3280 eorum
1857 3220 2191 3299 sepulturoe
2239 3221 2684 3283 ecclesiasticae
2732 3220 2862 3281 dari
2909 3222 3175 3300 possint.
3223 3254 3306 3263 —
3355 3218 3436 3295 (7.
3487 3219 3700 3298 Septi.

1380 3320 1496 3373 Udt.
1536 3324 1549 3371 i
1588 3321 1661 3385 Ny
1696 3322 1965 3373 k1rkeblst.
2004 3322 2298 3387 Samlinger
2335 3324 2413 3373 lV.
2449 3322 2568 3376 585.

1074 3422 1291 3486 *2245
1382 3423 1765 3486 innovemus
1806 3424 2014 3498 (Vltus)
2060 3442 2238 3505 papa,
2288 3426 2849 3506 supplicationibus
2887 3425 3262 3486 Waldemari
3296 3424 3476 3487 ducis
3511 3424 3704 3486 Juciae
3741 3423 4114 3503 inclinatus,

769 3524 1094 3603 omnibus,
1168 3528 1270 3604 qui
1331 3524 1404 3586 ad
1467 3526 2004 3587 reaedificationem
2064 3529 2350 3590 ecclesioe
2410 3530 2469 3590 b.
2527 3526 2736 3591 Mariae
2795 3527 3208 3605 Magdalenae,
3269 3526 3568 3606 Ripensis
3623 3526 3930 3603 diocesis,
3991 3544 4118 3606 per

767 3626 1123 3689 incendium
1182 3628 1512 3689 destructae
1571 3646 1791 3690 manus
1853 3631 2188 3709 adjutrices
2245 3633 2595 3710 porrigant,
2660 3638 2900 3710 partem
2961 3631 3038 3691 iis
3097 3632 3514 3711 injunctarum
3577 3629 4114 3709 poenitentiarum

766 3729 1015 3791 relaxat.
1070 3764 1137 3773 —
1193 3730 1271 3799 17.
1322 3730 1536 3810 Sept).

1379 3831 1496 3884 Udt.
1534 3835 1550 3883 i
1588 3834 1662 3897 Ny
1695 3832 1963 3885 kirkebist.
2004 3834 2301 3898 Samllnger
2335 3832 2415 3888 lv.
2451 3834 2570 3889 585.

1074 3934 1291 4001 *2246.
1383 3936 1664 4013 Querelae
1723 3953 1912 3999 civium
1962 3937 2326 4001 Suunsusnuu
2386 3944 2604 4000 contra
2651 3939 3068 4019 Campenses,
3117 3940 3278 3999 inter
3335 3954 3490 4015 quas
3545 3938 3622 3999 de
3667 3936 3977 3999 violentiis
4029 3937 4114 3998 ab

766 4037 865 4097 his
910 4038 974 4097 in
1020 4038 1316 4099 nundinis
1365 4038 1637 4101 Scanore
1684 4041 1746 4101 in
1794 4056 1958 4100 anno
2010 4038 2176 4103 1352
2221 4040 2421 4102 sactis.
2476 4076 2548 4085 -
2603 4040 2746 4103 Sine
2793 4058 2958 4105 anno
3006 4047 3066 4104 et
3110 4042 3231 4103 die.

1376 4139 1713 4193 Urkundenb.
1751 4139 1801 4192 d.
1840 4140 1991 4193 Stadt
2026 4140 2240 4193 Lubeck
2275 4142 2355 4192 ΙΙΙ.
2393 4142 2648 4197 241-42.

1073 4240 1291 4306 *2247.
1383 4242 1769 4307 innectimus
1818 4243 2025 4320 (vlnus)
2084 4260 2275 4325 papa,
2336 4245 2900 4324 supplicationibus
2945 4246 3111 4322 regis
3159 4245 3364 4327 Daciae
3424 4244 3786 4322 inclinatus,
3845 4241 4113 4306 Alberto

766 4344 1182 4421 Gotghemac‚
1243 4346 1564 4424 capellano
1624 4349 1791 4425 ejus,
1855 4347 1930 4408 dc
1989 4349 2359 4409 canonicatu
2419 4350 2700 4410 ecclesiae
2748 4348 3120 4410 Lubicensis
3169 4348 3285 4410 sub
3333 4348 3799 4427 exspectatione
3843 4347 4112 4423 majoris

766 4446 1109 4526 proebendae
1160 4447 1469 4526 providet,
1521 4466 1711 4526 quum
1761 4448 2093 4527 praebenda
2138 4450 2418 4528 ejusdem
2468 4449 2784 4529 ecclesiae,
2835 4469 2969 4530 quae
3019 4458 3224 4529 vacet,
3273 4450 3464 4512 altera
3509 4448 3822 4529 promissa
3865 4448 3970 4511 sit.
4023 4484 4108 4495 —

766 4551 942 4628 Apud
984 4549 1197 4611 Villam
1244 4568 1455 4610 novam
1504 4554 1913 4612 Avinionensis
1956 4553 2225 4630 diocesis,
2273 4552 2424 4614 ΧῊ.
2475 4554 2590 4613 kal.
2641 4552 2922 4632 Octobr.,
2970 4569 3134 4615 anno
3181 4550 3386 4616 tertio.

1376 4651 1491 4704 Udt.
1530 4656 1547 4703 t
1583 4653 1656 4718 Ny
1692 4653 1960 4705 kirkehlst.
1997 4652 2294 4718 Samllnger
2331 4655 2408 4705 lV.
2444 4652 2699 4709 585-86.
3081 4667 3094 4677 ·

1070 4752 1287 4819 *2248.
1382 4754 1765 4818 lunocsurnus
1813 4756 2021 4831 (Vnus,
2070 4775 2230 4837 papa
2277 4758 2692 4836 waldemaro,
2755 4760 2883 4836 regi
2929 4758 3273 4836 Danorum,
3331 4758 3644 4836 concedit,
3691 4762 3760 4820 ut
3803 4763 4114 4823 monachi

764 4864 825 4919 et
874 4858 1162 4920 canonici
1219 4864 1281 4918 et
1336 4856 1467 4919 alioe
1526 4876 1809 4937 personoe
1871 4861 2190 4936 regulares
2249 4860 2322 4920 ad
2383 4877 2661 4923 mensam
2722 4864 2857 4939 ejus
2911 4863 3236 4922 venientes
3295 4878 3517 4923 carnes
3575 4866 3637 4922 et
3682 4876 4110 4941 quoscunque

760 4962 917 5022 alios
966 4961 1143 5021 cibos
1201 4960 1365 5021 licite
1414 4961 1763 5022 comedant.
1826 4997 1882 5005 —
1954 4963 2131 5038 Apud
2193 4962 2617 5023 villamnovam
2677 4966 3089 5025 avinionensis
3141 4964 3421 5043 diocesiS,
3477 4963 3577 5028 xl.
3637 4965 3754 5025 kal.
3815 4966 4108 5047 Octobr.,

760 5079 924 5122 anno
973 5065 1173 5125 tertio.

1375 5148 1490 5200 Udt.
1528 5150 1547 5199 l
1582 5150 1654 5213 Ny
1690 5147 1959 5201 kirkeblst.
1998 5148 2294 5213 Samllnger
2330 5150 2412 5201 IV.
2447 5148 2566 5204 586.
