4275 5759
1394 399 1607 476 KoNc
1663 401 1849 478 Erux
1904 403 2268 476 Gurrmo.
3385 403 3480 476 79

3608 553 3792 620 1265.

507 676 687 741 ²413.
778 677 1055 740 Casurus
1100 677 1315 754 (thus)
1360 695 1521 758 papa
1566 677 1854 752 Guidoni,
1902 678 2249 758 presbitero
2287 675 2602 754 cardinali,
2651 676 2854 754 legato
2894 675 3062 738 sedis
3100 676 3478 756 apostolicae,
3553 674 3632 729 13.
3670 676 3828 726 suun.

192 779 473 858 indulget,
542 792 655 858 ne,
717 781 862 858 quia
916 781 1125 860 plures
1183 796 1485 859 personas
1532 787 1594 843 et
1656 783 2009 843 evectiones
2055 781 2268 858 forsan
2313 779 2643 857 aliquando
2701 780 2763 840 in
2827 781 3122 842 comitatu
3179 779 3482 858 habuerit,

194 899 352 960 quam
397 884 457 942 in
504 883 954 944 constitutione
1000 883 1310 960 generalis
1351 884 1598 945 concilii
1644 888 1899 962 taxatas,
1947 883 2146 962 culpae
2196 883 2712 959 transgressionis
2749 883 3088 944 incusetur.
3125 883 3482 955 -Perusii,

198 984 271 1044 id.
314 985 492 1063 lunii,
540 1003 603 1064 p.
650 1003 713 1046 n.
764 1001 929 1047 anno
977 982 1059 1046 10.
2775 975 2781 980 ’

784 1085 1164 1160 Nyklrkchist.
1204 1086 1499 1152 Samlinger
1536 1087 1621 1139 lll.
1658 1086 1773 1141 115.

521 1187 696 1253 *414.
790 1188 1063 1252 Caunus
1110 1189 1319 1264 (thus)
1356 1206 1515 1270 papa
1539 1191 1827 1269 Guidoni,
1876 1190 2223 1270 presbitero
2270 1190 2586 1268 cardinali,
2635 1191 2838 1267 legato
2884 1189 3242 1269 apostolicae
3292 1188 3480 1266 sedis,
3558 1187 3639 1242 13-
3677 1188 3838 1239 sunu.

196 1291 485 1370 permittit,
532 1299 603 1354 ut
646 1307 951 1370 personas
997 1301 1251 1372 propter
1295 1309 1518 1355 causas
1566 1293 1687 1354 sibi
1731 1294 1963 1355 delatas
2011 1311 2211 1371 usque
2257 1292 2333 1354 ad
2379 1295 2626 1355 tertium
2663 1293 2757 1354 vel
2796 1297 3080 1369 quartum
3117 1292 3276 1353 diem
3316 1298 3483 1352 extra

198 1393 457 1456 dioceses
503 1410 717 1456 earum
763 1394 838 1455 ad
876 1392 1178 1473 judicium
1226 1394 1471 1458 trahere
1517 1396 1732 1476 valeat,
1778 1413 1906 1458 non
1955 1396 2240 1458 obstante
2287 1397 2734 1459 constitutione
2781 1393 2857 1456 de
2894 1393 3133 1456 duabus
3171 1394 3374 1456 dietis.
3403 1430 3481 1438 —

202 1496 429 1570 Peru-vii,
478 1495 563 1558 id.
609 1496 797 1574 Junii,
846 1513 905 1575 p.
944 1513 1006 1556 n.
1054 1512 1218 1557 anno
1265 1493 1339 1558 1⁰.

782 1599 855 1662 Ny
888 1597 1155 1650 kirkehlst.
1195 1597 1490 1663 Samlinger
1525 1597 1607 1651 111.
1646 1600 1763 1653 116.
3375 1659 3383 1670 .

515 1699 692 1765 *415.
783 1700 1056 1764 caesnas
1102 1701 1313 1779 (lvtus,
1356 1719 1520 1783 papa
1565 1704 1852 1782 Guidoni,
1900 1702 2247 1782 presbitero
2290 1701 2606 1781 cardinali,
2654 1703 2858 1779 legato
2895 1700 3062 1764 sedis
3097 1702 3481 1782 apostolic-ae,
3552 1701 3634 1756 13-
3670 1703 3828 1754 sunu.

202 1803 461 1864 concedit
492 1803 845 1866 facultatem
880 1802 1178 1883 puniendi
1202 1805 1541 1868 litterarum
1578 1805 2023 1884 pontificalium
2060 1805 2386 1886 abusores,
2435 1805 2547 1868 sed
2592 1805 2928 1868 dummodo
2974 1805 3306 1882 litigantes,
3355 1820 3482 1865 non

194 1904 434 1980 judices.
482 1940 565 1950 —
610 1907 868 1981 perusii,
920 1904 1001 1967 id.
1050 1905 1238 1985 Junii,
1286 1924 1347 1986 p.
1396 1924 1457 1969 n.
1505 1925 1669 1969 anno
1716 1905 1789 1969 1⁰.

786 2008 859 2072 Ny
894 2008 1159 2060 kirkehist.
1199 2007 1492 2072 Samlinger
1527 2009 1610 2060 111.
1648 2008 1762 2063 116.

519 2109 694 2180 *41,6.
786 2111 1061 2174 Caunus
1098 2112 1304 2186 (thus)
1351 2128 1510 2191 papa
1556 2111 1845 2192 Guidoni,
1893 2112 2239 2193 presbitero
2287 2113 2602 2192 cardinali,
2650 2113 2852 2188 legato
2901 2110 3068 2174 sedis
3105 2113 3484 2190 apostolicae,
3558 2110 3640 2167 13.
3680 2113 3840 2165 Junn.

202 2211 481 2288 concedit,
528 2219 598 2274 ut
632 2213 955 2293 capellani,
1004 2230 1163 2291 quos
1200 2231 1415 2276 secum
1451 2214 1657 2294 ducat,
1704 2220 2040 2295 proventus
2078 2215 2525 2278 beneficiorum
2563 2231 2820 2277 suorum
2864 2215 3228 2294 percipiant,
3280 2215 3484 2292 quoti-

201 2313 375 2374 dianis
418 2313 955 2378 distributionibus
1002 2316 1315 2378 dumtaxat
1358 2317 1653 2396 exceptis.
1700 2353 1787 2361 —
1828 2320 2089 2393 Perusii,
2135 2318 2220 2379 id.
2266 2317 2454 2396 Junii,
2500 2335 2562 2398 p.
2613 2335 2670 2382 n.
2720 2334 2883 2378 anno
2930 2313 3005 2377 1⁰.

784 2417 861 2481 Ny
891 2417 1164 2469 kirkehlst.
1204 2417 1497 2483 Samlinger
1532 2417 1613 2469 111.
1652 2418 1765 2472 117.

518 2519 694 2584 *417.
786 2519 1059 2584 Casurus
1086 2520 1291 2593 (thusl
1339 2538 1498 2602 papa
1543 2521 1830 2602 Guidoni,
1880 2523 2226 2601 presbitero
2273 2522 2589 2602 cardinali,
2635 2523 2840 2599 legato
2888 2521 3055 2584 sedis
3102 2521 3485 2602 apostolicae,
3558 2513 3640 2568 13.
3677 2511 3840 2564 ³⁰⁰¹*-

200 2621 479 2700 concedit,
527 2629 627 2700 ut,
700 2623 754 2684 si
797 2623 1019 2702 aliquis
1066 2623 1525 2703 capellanorum
1575 2627 1710 2704 ejus
1754 2623 2057 2687 beneficia
2102 2643 2217 2689 sua
2260 2624 2440 2688 cedat
2484 2624 2574 2687 vel
2622 2627 2939 2704 moriatur,
3008 2625 3141 2687 haec
3186 2623 3490 2685 beneficia

198 2721 283 2781 alii
324 2725 603 2787 conferre
650 2723 865 2787 valeat.
913 2761 995 2769 —
1044 2727 1300 2800 Perusiae,
1347 2727 1427 2786 id.
1476 2726 1663 2805 Junii,
1712 2744 1773 2806 p.
1816 2745 1875 2788 n.
1924 2744 2090 2791 anno
2137 2725 2212 2790 1⁰.

784 2829 858 2892 Ny
892 2828 1158 2880 kirkehist.
1195 2827 1489 2892 Samllnger
1525 2828 1607 2880 111.
1645 2828 1897 2884 117-18.

518 2946 697 3011 ’418.
787 2946 1117 3010 Cunsurrs
1164 2947 1325 3024 (thi)
1371 2966 1544 3029 papae
1593 2951 1923 3011 concessio
1949 2949 2239 3029 Guidoni,
2286 2949 2632 3030 presbitero
2679 2948 3010 3029 cardinali,
3057 2948 3260 3034 legato
3319 2948 3493 3010 sedis
3558 2957 3638 3012 15.
3674 2957 3832 3009 Junn.

202 3050 559 3128 apostolicis,
629 3049 789 3128 data,
858 3056 925 3112 ut
970 3053 1033 3110 in
1101 3051 1281 3112 terris
1352 3051 1678 3128 legationis
1737 3069 1865 3114 suae
1924 3055 2038 3128 (sc.
2085 3051 2308 3131 Dacia,
2359 3051 2569 3114 Suetia
2625 3057 2782 3127 etc.)
2851 3068 2994 3114 cum
3043 3053 3490 3130 quinquaginta

200 3150 452 3229 clericis,
524 3150 835 3214 defectum
894 3153 1188 3214 natalium
1234 3152 1643 3233 patientibus,
1714 3153 2051 3217 dummodo
2106 3171 2235 3216 non
2282 3153 2358 3217 de
2403 3154 2698 3216 adulteris
2747 3171 2859 3216 seu
2904 3148 3290 3230 regularibus
3337 3170 3486 3233 pro-

200 3253 367 3312 creati
412 3255 561 3335 sint,
636 3254 975 3335 dispenset,
1044 3259 1111 3316 ut
1155 3253 1231 3316 ad
1278 3271 1497 3317 omnes
1560 3255 1812 3318 ordines
1870 3259 2222 3338 promoveri
2282 3263 2343 3320 et
2383 3255 2690 3319 beneficia
2735 3257 3160 3319 ecclesiastica
3205 3254 3485 3317 obtinere

204 3359 440 3432 possint.
490 3391 575 3401 -
618 3358 880 3431 Peru-rii,
925 3357 1105 3419 XVll.
1156 3357 1235 3418 kl.
1281 3357 1447 3436 Julii,
1494 3359 1901 3439 pontificatus
1940 3361 2139 3446 nostri
2185 3377 2350 3423 anno
2397 3361 2620 3438 primo.

788 3461 862 3524 Ny
896 3459 1162 3512 kirkehist.
1201 3459 1496 3524 Samlinger
1531 3461 1613 3512 111.
1652 3460 1938 3515 118-119.
2051 3453 2062 3465 '

526 3578 701 3644 *419.
794 3581 1069 3644 cassans
1138 3581 1345 3658 (thus)
1412 3599 1573 3663 papa
1644 3583 1944 3662 Guidoni,
2013 3581 2360 3664 presbitero
2444 3582 2769 3657 cardinali,
2848 3582 3049 3658 legato
3130 3581 3488 3661 apostolicae
3561 3590 3642 3643 15.
3678 3590 3836 3641 Junn.

208 3679 384 3758 sedis,
451 3683 771 3762 permittit,
842 3690 908 3744 ut
966 3684 1133 3744 circa
1176 3700 1480 3764 personas
1540 3685 1890 3765 regulares,
1960 3703 2096 3764 quae
2153 3686 2216 3746 in
2265 3687 2656 3748 monasteriis
2714 3686 2806 3747 vel
2864 3684 3150 3748 ecclesiis
3196 3685 3490 3763 pravitate

208 3785 537 3858 symoniaca
580 3789 844 3864 receptae
892 3787 1051 3864 sint,
1100 3803 1361 3865 quaeque
1407 3794 1737 3866 propterea
1782 3789 2127 3850 secundum
2176 3789 2584 3874 constitutum
2633 3788 2880 3850 consilii
2923 3787 3230 3864 generalis
3277 3786 3488 3865 expel-

209 3883 377 3946 lendae
433 3903 508 3948 ex
552 3889 949 3950 monasteriis
995 3889 1092 3951 vel
1138 3890 1422 3951 ecclesiis
1469 3896 1530 3951 et
1572 3891 1636 3950 in
1682 3891 1889 3952 locum
1934 3891 2182 3954 artioris
2228 3892 2454 3968 regulae
2501 3890 2887 3953 retrudendae
2937 3891 3082 3966 sint,
3150 3887 3490 3968 provideat,

206 3993 279 4064 ut,
321 4005 448 4065 quae
496 4005 820 4069 perperam
856 3992 918 4052 in
958 3993 1335 4054 monasteria
1357 3991 1451 4054 vel
1474 3992 1777 4054 ecclesias
1818 3995 1942 4055 sint
1978 3995 2302 4072 ingressae,
2343 3992 2486 4055 inde
2511 3999 2762 4055 remotae
2789 3995 2852 4054 in
2887 3993 3005 4054 alia
3037 3992 3179 4054 loca
3212 3989 3493 4070 ejusdem

208 4089 418 4152 ordinis
464 4092 885 4174 collocentur,
932 4095 1049 4176 vel,
1113 4097 1163 4156 si
1210 4095 1371 4156 forte
1416 4102 1671 4175 propter
1716 4097 1965 4158 nimiam
2015 4097 2472 4159 multitudinem
2517 4096 2663 4158 alibi
2708 4095 3004 4159 collocari
3047 4100 3381 4172 nequeant,
3429 4095 3490 4154 in

209 4191 403 4254 iisdem
447 4199 845 4258 monasteriis
890 4198 984 4259 vel
1020 4197 1309 4260 ecclesiis
1348 4202 1657 4277 maneant,
1705 4201 1953 4260 mutatis
1979 4199 2291 4279 prioribus
2317 4201 2472 4263 locis
2499 4205 2562 4260 et
2591 4198 2988 4262 inferioribus
3025 4197 3381 4275 assignatis
3417 4231 3487 4241 ——

210 4295 441 4374 perusii,
490 4298 671 4360 XVll.
720 4300 801 4360 kl.
848 4299 1014 4379 Julii,
1062 4300 1459 4380 pontificatus
1506 4303 1706 4362 nostri
1750 4318 1914 4363 anno
1952 4304 2173 4381 primo.

794 4401 869 4466 Ny
902 4402 1168 4454 kirkehlst.
1206 4403 1501 4467 Samlinger
1536 4403 1617 4454 ΠΙ.
1656 4402 1907 4458 119-20.

520 4519 704 4586 1121.
794 4527 919 4582 For
959 4527 1011 4582 5.
1056 4527 1305 4599 Augusti
1348 4529 1465 4584 laes
1513 4529 1566 4584 4.
1613 4529 1876 4600 Augusti.
3563 4530 3612 4585 4.
3650 4531 3888 4594 Augusti.

797 4625 1123 4678 Bremiscbes
1160 4627 1496 4678 Urkundenb.
1534 4627 1569 4678 Ι.
1608 4627 1861 4682 358—59.

531 4725 707 4792 1’4.20.
798 4729 1015 4794 Eamus
1048 4731 1364 4794 Danorum
1392 4731 1873 4809 sclavorumque
1920 4749 2024 4793 rex
2072 4739 2265 4794 metas
2313 4739 2375 4794 et
2416 4733 2816 4795 limitationes
2861 4732 2936 4794 ab
2989 4750 3132 4810 rege
3181 4732 3493 4811 quondam
3564 4743 3645 4798 10.
3693 4744 3932 4808 Augusti.

208 4826 575 4893 Waldemaro
622 4832 850 4894 civitati
894 4832 1246 4896 Revaliensi
1304 4835 1367 4894 in
1426 4834 1677 4914 pascuis
1734 4850 2031 4914 pecorum
2078 4835 2370 4897 dimissas
2416 4835 2761 4898 confirmat.
2833 4871 2908 4881 —
2979 4835 3343 4916 Rinqstadis,
3392 4835 3491 4897 lV.

208 4929 331 4994 idus
374 4935 652 5010 Augusti.

798 5039 993 5103 Bunge,
1028 5039 1185 5098 Liv.-,
1222 5037 1399 5090 Est-he
1436 5051 1488 5089 u.
1526 5038 1935 5091 Curiandisches
1972 5039 2306 5092 Urlmndenb.
2336 5039 2372 5099 l,
2411 5038 2662 5094 492—93.
2719 5042 2916 5104 Bunge,
2955 5039 3172 5102 Quellen
3209 5040 3258 5090 d.
3278 5039 3496 5093 Rcvaler

796 5125 1121 5178 Stadtrechts
1156 5125 1214 5176 Π.
1252 5125 1333 5178 91.
1405 5124 1595 5189 Regest
1629 5125 1759 5176 efter
1796 5126 2093 5188 Originalen
2134 5128 2149 5174 l
2189 5126 2419 5190 Beitrage
2455 5141 2548 5176 zur
2587 5127 2768 5177 liunde
2805 5127 2996 5184 Ebst.-,
3037 5125 3174 5176 le.-
3215 5125 3322 5176 und
3361 5127 3492 5176 Kur-

795 5211 947 5264 lands
982 5211 1043 5272 11,
1079 5212 1129 5265 2.
1168 5212 1220 5262 S.
1257 5210 1373 5265 174.
