4275 5759
1349 349 1559 422 Kone
1619 348 2014 422 VALDEMAR
2068 353 2468 423 Armanas.
3420 355 3566 426 339

548 619 771 687 *2473
860 621 1135 685 Uestinus
1182 621 1367 704 (vius)
1416 640 1585 704 papa.
1622 623 1875 688 Nicolao
1910 625 2147 703 Eskini,
2197 625 2423 688 clerico
2459 625 2810 687 Lundensis
2856 625 3154 700 diocesis,
3203 624 3571 688 cancellario

250 724 449 800 Magni
520 725 691 802 regis
760 725 1022 804 Sveciae,
1102 725 1178 788 de
1246 727 1619 788 canonicatu
1684 727 1800 789 suh
1869 728 2330 805 exspectatione
2396 727 2744 807 praebendoe
2819 728 2878 788 in
2949 728 3218 789 ecclesia
3286 728 3575 789 Scarensi

248 827 545 905 providet.
595 861 677 872 —
720 828 1035 907 Avimbne,
1080 835 1299 890 octavo
1346 813 1486 890 idus
1532 830 1817 908 Augusti,
1864 847 1926 910 p.
1974 847 2039 892 n.
2084 847 2251 892 anno
2295 831 2519 911 primo.

859 929 974 981 Udt.
1014 931 1033 982 i
1067 931 1403 996 Diplomatar.
1440 932 1655 996 Norveg.
1694 932 1795 983 vu.
1832 931 2086 986 274-75,

551 1048 771 1114 *2474.
863 1050 1209 1114 Consulum
1258 1068 1561 1116 rrvrnruu
1608 1070 1803 1116 reuse
1844 1053 2059 1144 Paucis
2104 1051 2182 1113 ad
2229 1055 2524 1115 consules
2571 1055 2883 1117 civitatum
2929 1053 3369 1114 maritimarum
3417 1053 3577 1114 intra

256 1153 557 1230 civitatem
607 1153 1062 1216 Stralessundis
1108 1155 1269 1217 festo
1316 1156 1647 1218 nativitatis
1694 1155 1885 1218 Marie
1933 1161 2350 1232 congregatos
2396 1156 2646 1232 litterae,
2693 1157 2756 1216 in
2801 1155 3032 1233 ,quibus
3077 1155 3325 1233 dicunt,
3383 1171 3452 1216 se
3498 1154 3576 1215 ad

254 1254 641 1334 Campenses
698 1255 1275 1337 scripturosesse,
1337 1263 1405 1320 ut
1458 1275 1599 1321 cum
1659 1259 1736 1320 iis
1784 1257 2168 1322 concordare
2212 1259 2492 1340 possint,
2553 1265 2619 1320 ut
2675 1259 2970 1335 quasdam
3019 1275 3205 1320 naves
3254 1273 3395 1319 cum
3443 1257 3576 1320 suis

252 1355 609 1420 hominibus
653 1359 717 1419 in
761 1357 1129 1422 Noressund
1177 1367 1501 1440 reponant.
1552 1344 1643 1406 —'
1680 1360 2005 1423 Dominica
2049 1379 2226 1440 prox.
2274 1367 2416 1424 ante
2463 1361 2902 1438 Bartholomei,
2952 1362 3086 1420 sine
3133 1375 3319 1424 anno.

870 1461 1153 1522 Sar-torius,
1193 1463 1379 1514 Gesch.
1417 1461 1467 1513 d.
1508 1463 1693 1523 Haase,
1730 1462 1810 1514 ed.
1848 1463 2188 1529 Lappenberg
2224 1462 2282 1514 11.
2318 1461 2436 1517 535.
2507 1463 2890 1514 {lausei-ecesse
2924 1462 2962 1513 1.
2997 1461 3252 1516 251—52.

556 1578 770 1646 ι’2475
862 1580 1137 1644 Usamus
1183 1582 1368 1664 (vtes)
1418 1601 1579 1664 papa
1623 1583 1852 1660 Magno
1898 1584 2274 1660 Danmarvh,
2335 1583 2752 1646 Siesuicensis
2799 1581 3070 1644 diocesis
3118 1584 3180 1643 in
3228 1581 3577 1645 sacerdotio

252 1683 617 1762 constituto,
664 1683 738 1745 de
787 1684 1023 1764 capella
1057 1687 1267 1748 Auruo
1314 1685 1594 1764 ejusdem
1642 1687 1912 1748 diocesis
1953 1692 2207 1747 vacante
2251 1684 2552 1767 providet.
2600 1720 2682 1731 —
2721 1686 3032 1764 Avinione,
3081 1673 3420 1747 undecimo
3455 1685 3575 1746 kal.

257 1784 663 1865 Septembris,
708 1802 875 1849 anno
922 1789 1142 1864 primo.
3393 1805 3399 1812 '

865 1888 981 1940 Udt.
1018 1891 1037 1941 i
1071 1890 1147 1956 Ny
1180 1890 1451 1943 kirkehist.
1491 1891 1786 1956 Samltnger
1822 1890 1878 1942 V.
1913 1888 2031 1945 852.

552 2005 774 2072 *2476.
864 2009 1150 2074 Hrnsrcus
1175 2010 1387 2090 Srzssn,
1415 2011 2068 2090 civisWismariensis‚
2095 2013 2515 2090 recognoscit,
2543 2028 2610 2072 se
2635 2010 2710 2072 ab
2739 2002 3105 2073 consulibus
3127 2008 3576 2072 LubIcensibus

256 2109 703 2186 quinquaginta
758 2127 999 2173 marcas
1058 2131 1091 2175 e
1148 2121 1395 2177 centum
1456 2122 1518 2177 et
1570 2114 1787 2175 decem
1834 2117 2092 2194 marris,
2158 2132 2312 2193 quas
2360 2115 2752 2176 Christoforo
2811 2114 2939 2190 regi
2985 2114 3304 2175 Danorum
3341 2112 3576 2192 juniori

256 2228 361 2289 pro
398 2201 787 2277 redemtione
824 2231 939 2276 sua
973 2234 1006 2276 e
1044 2219 1391 2297 captivitate
1430 2218 1711 2295 soluerit,
1750 2220 2089 2297 recepisse.
2117 2253 2197 2262 —
2225 2217 2470 2297 Lubere,
2507 2218 2572 2278 in
2606 2216 2704 2278 die
2740 2217 2800 2278 b.
2826 2216 3250 2278 Bartholomei
3285 2213 3575 2294 apostoli.

866 2317 1201 2371 urkundenb.
1238 2319 1288 2370 d.
1326 2318 1476 2371 Stadt
1508 2319 1719 2370 Lubeek
1754 2318 1837 2370 111.
1874 2319 1989 2374 505.

555 2433 774 2500 *2472
867 2437 1204 2503 Gorscstcr
1262 2439 1781 2516 Summanum,
1850 2441 2156 2520 capitanei
2226 2441 2411 2503 castri
2473 2439 2760 2518 Baubus,
2828 2438 2902 2500 ad
2961 2438 3258 2500 consules
3316 2437 3576 2498 civitatis

254 2535 615 2613 Lybie-ensis
660 2537 899 2617 litterae,
960 2541 1188 2618 quibus
1233 2544 1395 2603 inter
1439 2543 1557 2604 alia
1601 2543 1677 2604 ab
1723 2545 1799 2604 iis
1844 2546 2019 2622 petit,
2077 2551 2145 2606 ut
2191 2546 2358 2606 cives
2416 2544 2490 2605 de
2541 2543 2897 2622 Campania,
2955 2541 3246 2604 Stowoern
3294 2543 3358 2601 et
3399 2538 3577 2600 Πωτ-

256 2637 491 2700 daerwik
528 2641 887 2720 informent,
933 2651 1000 2705 ut
1041 2645 1159 2706 sibi
1196 2641 1500 2723 justitiam
1538 2650 1601 2706 et
1644 2646 1969 2708 emendam
2004 2663 2118 2724 pro
2159 2649 2375 2708 amicis
2413 2647 2568 2722 suis,
2619 2661 2777 2722 quos
2805 2647 2980 2725 juxta
3014 2643 3578 2722 Copoendoehawaeu

256 2740 547 2804 decollari
594 2743 875 2822 fecerint,
924 2745 1173 2808 faciant.
1220 2781 1301 2792 —-
1352 2748 1413 2809 ln
1462 2748 1559 2809 die
1606 2748 2051 2811 decollat-ionis
2098 2750 2159 2810 b.
2207 2750 2512 2810 lobannis
2560 2749 2849 2828 baptiste,
2899 2749 3031 2808 sine
3079 2763 3264 2807 anno.

866 2847 1203 2901 Urkundenb.
1233 2849 1281 2900 d.
1312 2849 1464 2901 stadt
1494 2850 1702 2901 Lubeck
1726 2849 1811 2902 111.
1843 2851 2115 2905 101-102
2162 2851 2258 2902 her
2287 2849 2500 2903 beufort
2523 2851 2586 2902 til
2611 2849 2785 2916 1349).
2849 2849 3230 2901 nanserecesse
3259 2848 3293 2900 Ι.
3321 2847 3578 2902 252-58.

870 2933 1077 2987 Brudst.
1115 2939 1133 2986 1
1170 2936 1228 2987 0.
1258 2935 1485 2995 Nielsen,
1524 2935 1893 2998 Kjebenhavns
1932 2937 2363 3000 uiplomatarium
2399 2937 2458 2989 11.
2494 2936 2578 2990 21.

3698 519 3885 586 1363.

3643 625 3690 678 6.
3729 625 3970 687 Augusti.

3645 1052 3730 1106 20.
3767 1052 4006 1116 Augusti.

3645 1585 3729 1638 22.
3767 1586 4008 1648 Augusti,

3646 2011 3730 2068 24.
3769 2015 4008 2078 Augusti.

3646 2443 3731 2497 29.
3768 2444 4006 2506 Augusti.

560 3052 775 3116 ί*2478-
868 3054 1196 3127 Maeoniae
1255 3055 1719 3135 Rurusnsrnsn,
1789 3057 1985 3138 (lybsk
2048 3057 2250 3134 Foged
2321 3057 2337 3117 i
2409 3055 2782 3136 Falsterbo),
2853 3054 3080 3132 klager,
3129 3053 3194 3116 til
3257 3053 3495 3116 Raadet
3558 3057 3580 3114 i
3649 3058 3697 3112 7.
3737 3060 3937 3124 septbr.

261 3153 501 3215 Lubeck
568 3170 718 3216 over
785 3157 859 3218 de
923 3159 1203 3220 Danskes
1262 3159 1599 3236 Overgreb.
1659 3195 1739 3204 —
1796 3159 2199 3238 Facseerbode,
2269 3161 2332 3221 in
2394 3159 2597 3237 vigilia
2661 3159 2991 3220 nativitatis
3045 3155 3224 3220 beate
3279 3156 3578 3235 Virginis,

258 3255 415 3317 uden
462 3259 605 3336 Aar.
3197 3257 3578 3341 (Plattydsk.)

868 3344 1252 3398 Hauserecesse
1287 3347 1323 3397 1.
1359 3345 1615 3400 250—51.

581 3463 773 3529 2515.
866 3472 1093 3525 natum
1130 3487 1197 3525 er
1238 3428 1670 3528 Stralessundis
1712 3474 1765 3528 et
1798 3467 2249 3546 Grzpeswaldis,
2298 3468 2396 3528 die
2445 3466 2774 3527 nativitatis
2810 3465 3001 3528 Maris
3051 3469 3111 3526 et
3155 3465 3255 3526 die
3298 3463 3356 3524 b.
3395 3463 3576 3528 Mau-

261 3564 386 3625 ricii
434 3571 495 3626 et
539 3569 857 3630 sociorum
906 3569 1061 3647 ejus.

871 3669 1253 3724 Hanserecesse
1290 3672 1324 3723 Ι.
1362 3671 1617 3726 245-50.

482 3793 486 3797 ’
562 3787 778 3854 ’2479
868 3790 1141 3855 Uestinus
1189 3792 1375 3875 (vius)
1421 3811 1581 3873 papa
1627 3794 1895 3856 ilenrico
1941 3793 2206 3872 Biscop,
2268 3777 2604 3873 praeposito
2662 3793 2944 3854 ecclesioe
2991 3791 3382 3867 Bremensis,
3431 3790 3576 3851 olim

262 3889 319 3949 in
373 3889 595 3971 Dacia,
667 3892 881 3954 Svecia
937 3901 998 3955 et
1052 3894 1359 3974 Norvegia
1412 3897 1771 3976 apostolicis
1830 3896 1997 3958 sedis
2059 3897 2277 3965 nuntio
2339 3903 2401 3957 et
2457 3895 2806 3973 collectori,
2876 3894 3152 3971 mandat,
3224 3899 3290 3955 ut
3357 3908 3576 3954 omnes

263 4007 535 4054 summas
580 3996 643 4056 in
690 3995 873 4056 dictis
921 3999 1129 4074 regnis
1171 3999 1467 4060 collectas
1504 3998 1773 4061 Guidoni
1807 3999 1881 4060 de
1920 3999 2144 4076 cruce,
2193 3999 2417 4060 rectori
2466 3998 2746 4058 ecclesiae
2795 4015 2846 4057 s.
2889 3996 3142 4058 Andreae
3182 3995 3258 4057 de
3297 3995 3576 4056 Exsociis

262 4093 724 4175 Mirapiscensis
782 4097 1087 4180 diocesis,
1155 4101 1376 4163 tradat.
1434 4139 1513 4146 —
1573 4103 1893 4180 Avinione‚
1963 4103 2180 4179 quinto
2237 4099 2378 4162 idus
2437 4097 2850 4180 Septembris,
2921 4090 3318 4178 pontificatus
3377 4101 3578 4159 nostri

260 4211 418 4258 anno
466 4200 686 4277 primo.

867 4285 1203 4351 Diplomatas.
1240 4289 1456 4354 Norveg.
1492 4289 1572 4340 Vi.
1608 4289 1726 4344 303.

560 4388 778 4454 *248st
868 4391 1141 4454 Uarianos
1166 4391 1353 4475 (vius)
1388 4410 1549 4472 papa
1572 4393 1841 4455 Guidoni
1875 4391 1949 4454 de
1978 4392 2201 4470 Cruce,
2240 4393 2466 4454 rectori
2503 4389 2784 4453 ecciesiae
2823 4407 2874 4450 s.
2903 4384 3268 4450 Andreae'de
3295 4391 3574 4450 Exsociis

266 4487 724 4569 Mirapiscensis
781 4492 1086 4574 diocesiS,
1145 4495 1464 4574 capellano
1524 4511 1639 4560 suo
1687 4503 1749 4556 et
1802 4497 2021 4557 nuntio
2072 4495 2239 4556 sedis
2284 4493 2676 4574 apostolicae,
2737 4492 3014 4570 mandat,
3073 4499 3140 4553 ut
3185 4492 3259 4553 ab
3307 4492 3576 4554 Henrico

266 4589 511 4671 Biscop,
556 4597 893 4675 praeposito
932 4597 1213 4667 ecciesiae
1250 4597 1631 4676 Bremensis,
1680 4599 1823 4660 oiim
1861 4599 1924 4658 in
1961 4598 2172 4676 Dacia,
2217 4597 2431 4660 Svecia
2463 4603 2524 4658 et
2557 4595 2863 4675 Norvegia
2897 4594 3230 4656 collectore
3263 4595 3573 4656 fructuum

266 4698 923 4777 camerae-apostolicae
970 4699 1343 4780 debitorum,
1391 4717 1667 4763 summas
1716 4702 2009 4764 collectas
2056 4707 2225 4779 petat
2268 4717 2338 4762 ac
2386 4699 2660 4778 recipiat.
2700 4725 2782 4742 —·-
2819 4699 3127 4776 Avinione,
3175 4699 3390 4775 quinto
3435 4696 3575 4758 idus

268 4795 661 4881 Septembris,
709 4802 1108 4881 pontificatus
1154 4806 1356 4866 nostri
1399 4821 1564 4867 anno
1610 4805 1831 4884 primo.
1880 4813 1883 4818 ·

869 4905 1204 4970 Diplomatar.
1240 4906 1457 4970 Norveg.
1493 4906 1573 4958 VI.
1608 4905 1896 4961 3118-304.

3734 3468 3783 3524 8.
3821 3475 3875 3520 et

3647 3537 3732 3591 22.
3769 3537 3972 3602 Septbr.

3647 3795 3695 3848 9.
3735 3796 3938 3859 septbr.

3645 4395 3695 4448 9.
3734 4396 3936 4459 Septbr.

563 5005 780 5073 *248L
865 5007 1089 5072 Uarum
1134 5009 1272 5092 (vti)
1318 5027 1492 5090 papae
1540 5011 1753 5072 litterae
1802 5011 2332 5073 commendaticiae
2372 5008 2704 5072 Gotscalco
2753 5005 3014 5084 Falcdal,
3051 4982 3317 5076 ‚ordinis
3346 5005 3571 5086 praedi-
3645 5011 3726 5066 13.
3765 5013 3968 5076 septbr.

269 5117 538 5174 catorum
582 5113 1081 5192 poenitentiario,
1129 5112 1282 5174 datae
1321 5130 1433 5192 pro
1470 5114 1753 5176 Guidone
1793 5113 1869 5175 de
1910 5114 2133 5192 Cruce,
2183 5112 2503 5192 capellano
2551 5128 2690 5188 suo,
2727 5111 3097 5190 apostolicae
3147 5109 3314 5172 sedis
3353 5110 3572 5172 nuntio

3067 5244 3166 5302 43.
