4275 5759
1258 360 1471 435 Koite
1524 360 1921 435 VALnnuAn
1972 366 2368 437 A‘rrnssnse.
3316 370 3462 441 283

3589 534 3775 601 1347.

456 635 677 700 *2011.
766 635 973 699 Tauno
1012 635 1216 699 dictus
1254 636 1501 700 Coum«
1545 637 1812 700 Iohanni
1848 638 2137 701 Ebbeson
2176 639 2342 701 dieto
2384 638 2614 717 Dyaekn
2653 639 2807 701 duas
2853 639 3144 701 tabernas
3179 640 3462 717 panniei-
3533 639 3582 693 3.
3621 639 3827 689 octobr.

186 738 371 799 darum
416 740 479 800 in
516 740 755 807 Scanor
798 741 949 801 sitas
987 756 1101 819 pro
1146 738 1233 803 20
1266 741 1493 801 marcis
1540 740 1931 803 denariorum
1968 758 2271 803 novorum
2311 742 2720 804 Scanensium
2767 742 2973 804 vendit
3016 746 3078 803 et
3123 747 3343 803 seotat.
3383 776 3461 787 —

186 841 279 901 Die
316 840 605 903 Mercurii
652 859 825 921 prox.
874 846 1021 921 post
1065 840 1226 903 diem
1272 841 1333 903 b.
1380 841 1705 907 Michaelis
1750 843 2129 919 archangeli.

766 944 899 1009 Dipl.
938 944 1174 1003 Svecan„
1213 942 1292 994 cd.
1330 944 1385 994 B.
1414 944 1472 995 E.
1504 944 1820 997 Hildebrand
1855 946 1910 996 V.
1949 944 2065 999 723.

458 1078 679 1146 *2012
766 1080 1038 1160 Macrine,
1088 1081 1346 1159 Sueclae,
1394 1081 1713 1159 Norvegioe
1763 1088 1823 1144 et
1863 1082 2098 1144 Scaniae
2146 1100 2273 1162 rex,
2322 1084 2621 1163 episcopo
2660 1082 3058 1145 Wexionensi
3099 1099 3212 1162 pro
3251 1101 3470 1145 mensa

184 1183 500 1263 episcopali
535 1183 702 1246 hona
748 1183 1025 1263 quaedam
1075 1184 1138 1245 in
1172 1182 1520 1263 Noedherby
1566 1190 1626 1246 et
1658 1184 2089 1247 Leuolundom
2126 1186 2190 1249 in
2226 1186 2562 1263 Blecongia
2608 1186 2726 1247 sita
2760 1185 2950 1248 donat
2992 1190 3052 1246 et
3087 1187 3345 1247 confert.
3385 1220 3466 1230 —-

184 1284 320 1361 Aput
356 1290 611 1346 castrum
654 1286 1103 1364 wichelmo,
1152 1285 1249 1348 die
1293 1284 1355 1347 b.
1406 1286 1717 1348 Francisci
1765 1289 2172 1350 confessoris,

768 1388 897 1453 Dtpl.
937 1388 1171 1447 Sveean„
1211 1386 1289 1439 ed.
1326 1388 1381 1438 Β.
1408 1388 1466 1438 E.
1497 1388 1815 1441 Hildebrand
1847 1390 1903 1440 V.
1942 1390 2196 1444 723-24.

461 1506 678 1573 *2013
770 1506 1001 1589 Biskop
1036 1508 1234 1571 Penne
1258 1508 1565 1572 Tuunnstu
1604 1515 1964 1587 pantsaetter
1999 1528 2076 1571 en
2112 1512 2227 1573 Del
2253 1510 2422 1573 Gods
2460 1512 2523 1573 til
2551 1510 2930 1573 Domkirken
2966 1528 3047 1588 og
3078 1509 3466 1571 Kannikerne

185 1610 200 1668 i
244 1608 381 1671 Ribe
426 1610 523 1671 for
564 1609 695 1675 230
735 1610 909 1675 Mark
957 1611 1117 1672 Solv.
1164 1646 1247 1655 -
1293 1610 1455 1689 Bibe,
1507 1611 1900 1689 Allehelgens
1945 1614 2152 1675 Aften.

768 1712 883 1765 Udt.
922 1714 939 1763 i
976 1714 1159 1773 Klnch,
1199 1714 1325 1765 Rlbe
1361 1714 1457 1778 Bys
1495 1713 1610 1765 Hlst
1661 1714 1814 1766 indtll
1849 1714 2075 1767 Reform.
2114 1716 2168 1766 S.
2197 1713 2449 1769 194—96.

460 1830 677 1898 *2014.
769 1833 973 1897 Tosro
1018 1834 1343 1897 Nicusson
1391 1833 1467 1895 de
1513 1833 1820 1896 Litletwer
1864 1834 2128 1897 dominae-
2179 1836 2423 1896 Ceciliae
2469 1834 2738 1897 Henricx
2788 1836 2997 1897 omnia
3038 1835 3204 1897 hona
3249 1852 3364 1897 sua
3407 1834 3469 1894 in

184 1934 810 2014 lllethlestaegryfeghe
848 1938 966 1998 sita
998 1953 1110 2015 pro
1145 1935 1232 2000 45
1264 1936 1491 1998 mareis
1528 1935 1921 1999 denariorum
1955 1955 2256 2001 novorum
2285 1938 2691 2001 Scanensium
2728 1937 2936 2001 vendit
2971 1943 3032 1999 et
3064 1938 3361 2015 assignat.
3390 1972 3469 1981 —

182 2036 609 2117 Seoodlianqhae,
657 2039 859 2115 vigilia
904 2038 1198 2101 Omnium
1246 2039 1633 2101 Sanctorum.

774 2140 905 2205 Dipl.
942 2140 1178 2200 Svecan„
1214 2140 1295 2193 ed.
1333 2141 1387 2191 B.
1416 2141 1473 2192 Ε.
1503 2141 1820 2193 Hildebrand
1856 2143 1911 2193 V.
1948 2142 2200 2197 733-34.

463 2259 679 2325 *2015.
770 2258 1041 2340 Minus,
1081 2262 1339 2341 Sueciae,
1375 2261 1698 2339 Norvegiae
1724 2268 1785 2325 et
1810 2264 2045 2327 Scaniae
2072 2282 2198 2342 rex,
2234 2265 2499 2326 Anundo
2525 2262 2965 2325 Hailandzfarae
3001 2262 3168 2325 hona
3191 2263 3470 2342 quaedam

184 2362 421 2439 Siorydh
467 2362 661 2442 dicta,
721 2364 779 2424 ei
822 2381 934 2444 per
976 2363 1386 2427 Throttonem
1444 2365 1519 2426 de
1572 2366 1932 2446 Graepasum
1991 2368 2432 2447 impignorata,
2491 2365 2820 2445 adjudicat.
2884 2401 2953 2410 —
3018 2365 3090 2427 In
3137 2366 3471 2445 Bawoka,

184 2464 418 2527 sabbato
460 2482 635 2546 prox.
683 2470 830 2546 post
874 2465 1032 2527 diem
1080 2466 1141 2527 h.
1190 2466 1431 2529 Andree
1477 2469 1765 2547 apostoli.

770 2568 901 2632 Dlpl.
940 2570 1175 2632 Svecan.,
1224 2569 1304 2621 ed.
1341 2571 1396 2621 B.
1425 2570 1482 2620 Ε.
1514 2568 1832 2621 Hildehrand
1874 2571 1932 2622 V.
1979 2571 2094 2626 739.
2177 2571 2386 2623 Brudst.
2433 2575 2448 2623 l
2493 2570 2779 2636 Liljegren,
2827 2570 3171 2635 Fortecknlng
3220 2570 3364 2622 biver
3409 2584 3472 2621 en

773 2656 997 2720 samllng
1033 2657 1087 2707 af
1118 2657 1386 2720 permbref
1419 2658 1494 2707 utl
1530 2654 1870 2720 Engestroms
1908 2657 2194 2710 bibliothck
2231 2658 2282 2709 S.
2311 2659 2360 2711 6.

464 2773 682 2839 *2016.
771 2776 1135 2855 Lunovicus,
1185 2776 1461 2838 marchio
1507 2777 2164 2856 BrandenburgensiS,
2213 2783 2358 2857 post
2404 2778 2816 2840 venditionem
2863 2783 3041 2839 terrae
3088 2774 3474 2839 Revaliensis

182 2876 247 2935 ad
290 2880 643 2954 magistrum
691 2881 1043 2956 generalem
1097 2878 1331 2942 ordinis
1379 2879 1736 2959 Teutonici,
1796 2879 2260 2942 waldemarum
2315 2896 2524 2958 regem
2573 2880 2889 2942 Danorum
2948 2879 3024 2941 de
3082 2882 3250 2942 omni
3299 2882 3474 2957 jura-

182 2986 375 3041 mento
418 2987 478 3042 et
523 2982 807 3060 servitio,
861 2999 983 3061 quo
1032 2981 1148 3044 sibi
1195 2981 1531 3044 obstrictus
1578 2983 1783 3062 fuerit,
1846 2984 2109 3061 quittum
2157 2984 2404 3044 dimittit
2449 2990 2510 3044 et
2555 2986 2833 3062 seipsum
2880 2982 2954 3043 de
3003 2982 3291 3044 omnihus
3341 2999 3474 3044 ser-

182 3084 327 3142 vitiis
368 3082 764 3146 Woldemaro
831 3086 1161 3167 promissis
1224 3086 1403 3146 etiam
1463 3092 1822 3147 excusatum
1880 3085 2170 3147 declarat.
2236 3123 2312 3131 —-
2372 3084 2628 3165 Berlyn,
2688 3085 2944 3148 sabbato
2993 3091 3140 3164 post
3193 3085 3356 3167 diem
3412 3084 3473 3146 h.

182 3184 398 3247 Nicolai
443 3188 850 3250 confessoris.

773 3289 989 3349 Kloden,
1030 3289 1439 3353 Dlplomatisohe
1476 3288 1787 3341 Geschlchte
1828 3290 1877 3341 d.
1916 3290 2238 3354 Markgratcn
2275 3290 2570 3342 waldemar
2605 3306 2652 3343 v.
2693 3289 3065 3353 Brandenburg
3101 3289 3183 3341 Ill.
3220 3288 3472 3343 467-68.

768 3378 972 3439 Bunge,
1019 3375 1176 3436 Liv.-,
1222 3376 1369 3427 Esth.
1407 3390 1457 3426 u.
1497 3374 1907 3427 Curlandlsches
1942 3376 2280 3428 Urkundenb.
2328 3376 2408 3427 lu.
2456 3375 2706 3430 153—54.
2791 3375 2993 3435 Riedel‚
3041 3374 3215 3427 Codex
3259 3374 3474 3439 diplom.

771 3460 1163 3525 Brundenburg.
1200 3462 1248 3515 2.
1278 3462 1522 3525 Hauptth.
1552 3461 1611 3512 11.
1641 3461 1929 3515 203—204.
2002 3462 2178 3512 Dansk
2203 3462 2318 3514 Udt.
2353 3465 2369 3513 i
2398 3461 2661 3522 livitfeldt,
2701 3462 2883 3513 Danm.
2915 3461 3068 3525 Riges
3097 3462 3252 3512 Kron.
3292 3461 3343 3511 S.
3374 3460 3475 3513 495

772 3546 1074 3611 (Kvartudg.
1121 3547 1205 3599 ΠΙ.
1242 3546 1501 3601 483-84)
1538 3545 1655 3599 med
1696 3547 1781 3599 det
1815 3547 2076 3611 fellagtige
2109 3549 2212 3599 Aar
2247 3548 2394 3602 1346.

465 3666 684 3731 1’201’1.
772 3667 1139 3746 Hmewrsls,
1196 3667 1511 3729 Danorum
1562 3667 2003 3747 slavorumque
2050 3672 2296 3747 regina,
2348 3670 2778 3746 recognoscit,
2829 3685 2896 3729 se
2941 3685 2978 3729 a
3023 3668 3281 3745 Magno,
3329 3684 3475 3743 rege

182 3768 424 3847 Sueciae,
468 3768 598 3833 500
639 3786 880 3832 marcas
925 3772 1064 3850 puri
1111 3772 1349 3847 argenti
1395 3788 1469 3831 ex
1513 3776 1683 3850 parte
1730 3770 2105 3833 Waldemari
2152 3772 2316 3847 regis
2365 3772 2702 3849 Danorum,
2751 3772 2814 3831 in
2862 3770 3087 3848 quihus
3135 3770 3193 3831 ei
3238 3770 3474 3830 ratione

180 3869 351 3931 debiti
394 3871 749 3951 tenebatur,
796 3875 1190 3952 percepisse,
1238 3889 1503 3951 eumque
1550 3890 1661 3951 pro
1711 3873 1826 3934 hae
1874 3876 2425 3960 summassquittum
2474 3874 2743 3935 dimittit.
2793 3906 2872 3919 —-
2919 3872 3167 3951 Hamis,
3214 3874 3279 3932 in
3324 3887 3473 3951 pro-

181 3972 325 4035 festo
370 3973 557 4036 Lucio
602 3977 878 4053 virginis.

772 4077 905 4143 Dtpl.
943 4080 1180 4139 Svecan„
1217 4078 1297 4130 ed.
1336 4077 1389 4128 B.
1416 4079 1475 4129 E.
1504 4078 1821 4131 Endebrand
1854 4078 1911 4129 V.
1949 4078 2065 4133 740.

466 4196 683 4263 *2018.
774 4196 1075 4263 somnus
1109 4198 1464 4263 Annusson
1512 4198 1587 4260 de
1626 4199 1809 4261 Husae
1850 4202 2232 4262 monasterio
2267 4200 2434 4261 Bosa
2481 4198 2635 4262 duas
2683 4200 2886 4261 curias
2934 4199 2995 4259 in
3034 4195 3474 4275 Kastbyerghae

181 4299 233 4357 in
264 4300 557 4378 parochia
581 4300 947 4381 Saxolthorp
986 4304 1136 4363 sitas
1172 4318 1285 4382 pro
1320 4303 1741 4364 anniversario
1778 4318 1893 4364 suo
1932 4318 1968 4364 a
2002 4303 2374 4364 monialibus
2410 4300 2782 4364 celebrando
2819 4299 3008 4362 donat
3041 4306 3104 4362 et
3137 4304 3355 4361 scotat.
3395 4332 3470 4343 -—

181 4400 415 4481 Laudis,
460 4405 732 4466 crastino
776 4403 837 4465 b.
886 4404 1122 4467 Thome
1169 4405 1457 4485 apostoli.

772 4506 905 4571 Dipl.
944 4508 1181 4567 Svecan„
1218 4508 1298 4560 ed.
1335 4508 1389 4559 B.
1420 4506 1478 4559 Ε.
1508 4507 1825 4560 Hildebrand
1858 4507 1915 4558 V.
1952 4508 2207 4564 742—43.

466 4626 684 4693 *2019.
777 4627 1093 4693 Consum:
1137 4646 1213 4691 m:
1256 4626 1577 4693 Bocnotrs
1623 4630 1697 4690 ad
1747 4629 2043 4693 consules
2091 4630 2352 4691 civitatis
2398 4628 2784 4709 Lubycensis
2828 4628 3068 4704 litterae,
3126 4624 3353 4704 quibus
3399 4626 3474 4685 iis

180 4730 548 4809 significant,
607 4732 1106 4807 consangvineos
1154 4730 1473 4810 Heynonis
1523 4731 1670 4794 dicti
1719 4733 1889 4794 Ahus
1935 4732 2299 4811 Heynonem
2347 4733 2552 4811 Alme,
2611 4731 2847 4811 praefati
2889 4727 3208 4807 Heynonis
3258 4727 3472 4807 lilium,

180 4838 629 4909 procuratorem
675 4835 738 4894 in
796 4849 987 4896 causa
1042 4841 1261 4896 contra
1304 4834 1705 4913 Lubycenses
1752 4836 1989 4897 ratione
2038 4836 2491 4898 interfectionis
2536 4832 2872 4897 Hermanni
2923 4830 3124 4910 Alius,
3182 4830 3476 4910 oppidani

179 4934 477 5011 quondam
522 4938 586 4997 in
629 4927 1061 5015 vlensborgh,
1110 4954 1221 5016 per
1266 4935 1704 5017 stipendiarios
1749 4938 2184 5017 Lubyeenses,
2231 4943 2301 4998 ut
2343 4938 2598 5017 dicitur,
2647 4935 2985 5013 interfecti,
3031 4933 3272 5010 agenda
3317 4949 3471 4994 con-

178 5039 463 5101 stituisse.
512 5074 590 5085 -
639 5040 706 5101 ln
750 5041 954 5116 vigilia
998 5041 1327 5102 nativitatis
1373 5040 1639 5102 Domini.
2710 5036 2748 5067 '·

771 5141 1107 5195 urkundenb.
1138 5142 1187 5193 d.
1216 5140 1365 5193 Stadt
1392 5141 1603 5193 Lubeck
1629 5142 1685 5193 Π.
1714 5141 1968 5197 826-27.
2042 5142 2288 5203 Sejdelin,
2322 5142 2653 5206 Dlplomatar.
2685 5140 3099 5204 Flcnsborgense
3130 5138 3190 5189 11.
3217 5136 3472 5193 889-91.

2965 5254 3064 5314 36⁸

3537 1081 3584 1135 4.
3625 1083 3833 1134 Octobr.

3537 1509 3619 1563 31.
3658 1509 3865 1560 Octobr.

3539 1835 3622 1888 31.
3660 1834 3869 1885 Octobr.

3543 2262 3590 2315 1.
3630 2262 3809 2313 Deobr.

3543 2775 3593 2829 8.
3630 2775 3812 2827 Decbr.

3547 3666 3628 3720 12.
3666 3666 3846 3717 Deobr.

3544 4196 3627 4249 22.
3666 4196 3847 4246 Decbr.

3543 4622 3628 4677 24.
3664 4622 3848 4674 Deobr.
