4275 5759
442 514 629 581 1361.

350 616 435 670 25.
474 618 680 682 Septbr.

350 1252 431 1305 28.
474 1252 677 1316 Septbr.

350 1390 433 1443 29.
472 1391 677 1453 septbr.

385 2007 431 2060 1.
472 2007 681 2058 Octobr.

387 2623 437 2677 2.
475 2622 683 2673 Octobr.

388 2742 437 2796 8.
476 2742 683 2793 Octobr.

355 3276 439 3329 23.
476 3274 685 3326 Octobr.

357 3685 441 3739 23.
480 3684 689 3735 Octobr.

358 4198 442 4253 23.
481 4197 691 4249 Octobr.

364 4814 449 4869 23.
487 4814 697 4866 Octobr.

760 347 909 421 330
1868 336 2087 413 Kone
2140 336 2538 415 VALDEMAR
2596 343 2990 413 Amnum.

1060 615 1277 682 *2405
1371 617 1758 679 Issocsnrws
1827 614 2041 696 (Vltus)
2110 633 2272 695 papa
2338 616 2732 679 collationem
2803 617 3230 696 praepositurae
3298 616 3376 679 de
3444 616 3905 695 Barugbsysel,
3987 634 4100 695 per

753 721 1120 781 electionem
1192 720 1509 799 praepositi
1580 718 1840 779 Wetzeli
1909 718 1983 780 de
2054 718 2366 794 Bogboitb
2437 720 2500 779 in
2569 725 2888 781 cautorem
2957 718 3242 780 ecclesioe
3303 718 3730 781 sleswicensis
3793 721 4098 793 vacantiS,

754 822 1009 883 Nicolao
1057 822 1219 882 Petri
1266 821 1431 882 dicto
1482 820 1681 897 Brwn,
1738 820 2083 899 presbitero
2131 819 2404 881 diocesis
2453 821 2905 897 Sleswicensis,
2958 837 2995 880 a
3039 819 3296 882 Nicolao
3343 822 3648 901 episcopo
3697 822 4098 883 Sleswicensi

751 926 975 984 factam
1023 923 1373 1001 confirmat,
1422 940 1548 983 non
1596 921 1883 983 obstante
1932 922 2097 1000 quod
2147 922 2351 984 dictus
2393 922 2687 985 Nicolaus
2725 922 2885 984 Petri
2935 924 2998 983 111
3045 922 3260 984 eadem
3299 924 3570 985 ecclesia
3605 926 3686 985 sit
3721 923 4098 1003 proebenda-

754 1033 853 1088 tus
901 1028 1265 1088 canonicus.
1316 1060 1398 1068 —
1442 1024 1755 1102 Avinione,
1802 1024 1931 1084 Vll.
1980 1026 2099 1086 kal.
2150 1025 2431 1104 Octobr„
2478 1041 2644 1086 anno
2683 1042 2875 1088 nono.

1365 1125 1481 1178 Udt.
1519 1128 1536 1176 i
1573 1126 1645 1190 Ny
1680 1126 1950 1177 kirkeblst.
1989 1126 2285 1189 Samlinger
2323 1128 2379 1176 V.
2415 1124 2533 1179 847.

1083 1246 1257 1313 2480
1302 1264 1371 1309 se
1420 1244 1637 1312 *2436.

1060 1384 1277 1449 *2406.
1368 1385 1597 1447 Psrnus
1644 1382 1811 1445 Loox
1857 1383 2194 1443 Henricum
2256 1385 2544 1445 comitem
2607 1384 2683 1445 de
2732 1385 2948 1445 Gliken
3007 1390 3192 1462 atque
3251 1386 3388 1462 ejus
3435 1384 3700 1446 famulos
3761 1402 3874 1464 pro
3935 1384 4099 1445 iide-

744 1489 1034 1566 jussione
1094 1487 1244 1564 sibi,
1303 1487 1572 1547 iohanni
1632 1484 1886 1546 Rabock
1944 1492 2005 1546 et
2060 1486 2196 1547 aliis
2256 1485 2658 1547 familiaribus
2709 1484 3160 1566 W(aldemari),
3221 1488 3388 1561 regis
3447 1486 3798 1567 Danorum,
3857 1490 4101 1550 ratione

754 1590 1123 1669 captivitatis
1191 1592 1327 1668 ejus
1397 1590 1657 1665 ejusque
1726 1587 2134 1665 famulorum,
2217 1605 2377 1665 quos
2445 1589 2507 1648 in
2575 1588 2982 1650 Vorenthoim
3050 1588 3413 1667 (Bornholm
3439 1588 3487 1667 P)
3569 1606 3782 1652 secum
3856 1590 4100 1667 babuit,

755 1694 1065 1770 promissa
1108 1692 1185 1752 ab
1234 1692 1619 1768 impetitione
1668 1706 1781 1751 sua
1828 1692 2059 1766 quittos
2108 1690 2375 1751 dimittit.
2423 1724 2505 1735 —-
2552 1690 2664 1751 Die
2712 1692 2772 1753 b.
2821 1690 3108 1752 Michael.
3159 1690 3538 1767 archangeli.

1370 1793 1723 1849 Menckenius,
1754 1793 2046 1856 Scriptores
2082 1804 2183 1843 rer.
2215 1786 2646 1843 Germanicarum
2679 1793 2716 1844 1.
2744 1790 3000 1847 554—55.
3065 1792 3218 1856 Casp.
3245 1794 3578 1856 Sagittarius.
3606 1793 3831 1845 Historia
3863 1794 3914 1844 d.
3945 1794 4104 1846 Grai·-

1370 1878 1542 1929 scbai't
1577 1878 1828 1929 Gleicben
1867 1878 1919 1928 S.
1944 1878 2057 1931 115.

1062 1998 1277 2062 *2402
1366 2000 1603 2078 Acone,
1662 2000 1858 2060 Greve
1914 1999 1980 2058 af
2034 1998 2329 2076 Holsten,
2388 2015 2468 2075 og
2515 1999 2878 2077 Muniam,
2938 1997 3242 2061 Grevinde
3301 1999 3368 2058 ai*
3417 1998 3710 2077 Holsten,
3771 2000 3986 2061 tilstaa
4045 2008 4110 2061 at

756 2118 913 2162 vaere
955 2100 1134 2161 deres
1172 2100 1377 2178 Foged
1414 2100 1604 2163 Rulat'
1638 2101 1969 2179 Dynapeile
2004 2100 2134 2165 400
2165 2100 2337 2161 Mark
2376 2100 2615 2178 skyldig
2663 2117 2744 2177 og
2781 2101 2938 2178 love,
2987 2102 3124 2161 hvis
3170 2101 3293 2162 han
3339 2101 3614 2162 at’saettes
3651 2102 3744 2161 ira
3777 2102 4106 2180 Fogediet,

756 2209 817 2263 at
860 2210 1185 2282 panisaette
1234 2204 1377 2263 ham
1424 2204 1645 2265 Slottet
1692 2200 1986 2263 Glambek
2035 2220 2115 2278 og
2166 2202 2399 2263 Landet
2445 2203 2772 2264 Vemeren.
2814 2239 2896 2247 —-
2939 2202 3148 2281 Plane,
3197 2202 3307 2263 des
3356 2204 3706 2279 neghesten
3751 2204 4108 2281 vrygdages

758 2322 837 2367 na
883 2314 1065 2366 sunte
1113 2304 1416 2367 Micbeles
1464 2305 1686 2383 daghe.
3709 2304 4108 2385 (Plattydsk.)

1372 2407 1609 2465 Sebeidt,
1657 2407 1784 2457 Hist.
1832 2407 1945 2457 und
1989 2406 2112 2471 dipl.
2153 2407 2435 2458 Nacbricbt
2479 2420 2580 2457 von
2630 2406 2749 2458 dem
2786 2405 2914 2457 Adel
2959 2408 3010 2457 ln
3049 2405 3316 2457 Teutschl.
3364 2408 3414 2456 S.
3453 2406 3556 2459 285
3571 2406 3710 2459 —86.
3790 2408 4108 2469 biit-helsen,

1370 2492 1960 2555 Urkundensammiung
1997 2492 2056 2543 11.
2094 2492 2351 2561 243—44.

1088 2610 1276 2676 2481,
1366 2610 1538 2676 Tydsk
1572 2611 1689 2664 Udt.
1726 2614 1744 2662 i
1781 2611 2032 2663 zeitschr.
2075 2613 2107 2663 i'.
2147 2611 2966 2676 Scbleswig-Holstein-Lauenb.
3007 2612 3194 2663 Gescb.
3233 2612 3313 2671 Vl,
3352 2611 3558 2677 Repert.
3596 2614 3650 2663 S.
3678 2613 3797 2667 114.

1064 2730 1281 2796 ²240&
1372 2734 1565 2795 Persa
1600 2732 1882 2813 Nistssu,
1932 2732 2110 2808 Kong
2155 2732 2476 2793 Valdemar
2520 2734 2587 2793 af
2627 2733 2972 2793 Danmarks
3019 2732 3455 2793 flevedsmaud
3501 2749 3618 2811 paa
3652 2734 4110 2812 Heisingborg,

758 2836 1082 2912 bevidner,
1140 2840 1202 2895 at
1255 2836 1379 2895 ban
1429 2836 1539 2896 har
1593 2835 1836 2911 frigivet
1880 2835 2104 2896 Harald
2165 2835 2259 2896 i'or
2305 2834 2708 2911 Pangenskab
2761 2851 2842 2911 og
2891 2834 3183 2912 Kavtion‚
3241 2834 3441 2895 under
3487 2834 3968 2913 Forudsoetning
4023 2840 4110 2915 ai’,

758 2946 820 2999 at
865 2937 1017 2998 Oiuf
1068 2953 1179 2998 van
1227 2937 1365 2998 Ηοο
1425 2938 1536 2999 bar
1589 2939 1837 3015 fritaget
1894 2938 2035 2998 bam
2092 2938 2189 2998 for
2245 2937 2366 2999 den
2411 2939 2432 2997 i
2480 2938 2754 3014 Varberg
2809 2937 2990 3014 givne
3037 2936 3743 3017 Kavtionsi'orpligtelse.
3795 2974 3876 2983 —
3925 2940 4116 3001 Feria

759 3048 933 3102 sexta
976 3048 1119 3102 ante
1169 3040 1447 3118 Dionysii
1494 3047 1741 3119 martyr.
3847 3039 4112 3123 (Latin.)

1371 3142 1486 3194 Udt.
1525 3145 1542 3193 i
1580 3142 1773 3193 svenslt
1809 3142 1989 3194 overe.
2028 3144 2045 3191 i
2082 3142 2319 3195 Svenska
2354 3142 2782 3195 les-Archivets
2821 3141 3278 3206 Pergamentsbrei'
3311 3141 3348 3192 1.
3385 3140 3503 3193 159.

1066 3262 1283 3327 *2409.
1374 3264 1760 3326 lsuocsurius
1808 3262 2019 3343 (Vltus)
2066 3281 2226 3343 papa
2272 3265 2665 3326 collationem
2716 3270 2777 3325 et
2821 3263 3242 3341 provisionem
3299 3262 3376 3323 de
3428 3263 3701 3325 ecclesia
3745 3263 3806 3323 b.
3855 3264 4113 3327 Nicolai

759 3367 1015 3443 LuudiS‚
1062 3372 1316 3427 vacante
1353 3382 1467 3445 per
1501 3365 1736 3428 obitum
1774 3365 2087 3427 Laurentii
2133 3367 2419 3446 Vocholt,
2467 3366 2650 3427 Petro
2687 3365 2976 3445 Symonis
3013 3366 3236 3426 factam
3274 3364 3624 3427 confirmat.
3664 3400 3743 3410 —
3783 3366 4111 3448 Avinimoe,

760 3470 829 3531 X.
878 3469 997 3531 kal.
1047 3468 1403 3547 Novembr.‚
1450 3484 1615 3529 anno
1661 3484 1854 3529 nono.

1374 3570 1490 3622 Udt.
1530 3572 1546 3620 i
1584 3572 1655 3635 Ny
1694 3571 1962 3622 kirkebist.
2001 3571 2296 3633 Samlinger
2331 3572 2388 3621 V.
2425 3568 2542 3623 848.

1070 3674 1285 3739 *2410.
1376 3674 1764 3737 insonamus
1832 3673 2044 3755 (Vltus)
2114 3690 2276 3753 papa
2341 3674 2736 3735 collationem
2806 3680 2868 3735 et
2933 3674 3354 3751 provisionem
3415 3672 3676 3735 Nicolao
3731 3673 3952 3735 Jacobi
4031 3676 4114 3738 de

763 3780 1135 3840 canonicatu
1184 3785 1246 3838 et
1289 3775 1623 3856 praebenda
1669 3784 1730 3837 et
1773 3778 2186 3856 praepositura
2231 3776 2514 3837 ecciesiae
2564 3776 2948 3854 Lundensis,
3007 3775 3368 3837 vacantibus
3415 3792 3526 3855 per
3569 3776 3807 3838 obitum
3857 3776 4116 3840 Nicolai

764 3881 1132 3957 Absolonis,
1214 3882 1435 3941 factam
1507 3878 1863 3957 confirmat,
1942 3896 2071 3941 non
2153 3878 2472 3958 obstante,
2553 3878 2718 3956 quod
2799 3880 3232 3941 canonicatum
3303 3878 3590 3938 ecclesiae
3659 3877 4115 3943 Roskildensis

763 3984 1058 4045 obtineat.
1108 4018 1189 4027 —
1237 3983 1548 4060 Avim‘one,
1596 3982 1665 4043 X.
1718 3981 1835 4041 kal.
1886 3980 2242 4061 Novembr.,
2289 3998 2455 4043 anno
2503 3998 2693 4043 nono.

1376 4084 1494 4135 Udt.
1533 4086 1547 4134 1
1587 4086 1659 4148 Ny
1694 4084 1961 4134 kirkebist.
2000 4082 2295 4147 Samlinger
2333 4083 2389 4135 V.
2424 4083 2681 4137 848—49.

1070 4187 1286 4254 *2411.
1382 4188 1762 4252 {nocturnus
1821 4185 2035 4267 (Vltus)
2092 4204 2252 4266 papa
2307 4188 2576 4249 Jobanni
2635 4186 2989 4265 MichaeliS,
3059 4185 3441 4266 presbitero,
3507 4186 3780 4247 studenti
3842 4186 3905 4246 in
3961 4191 4114 4265 jure

765 4296 1093 4371 canonico,
1143 4292 1218 4353 de
1266 4291 1675 4371 praepositura
1720 4297 1933 4351 curata
1979 4291 2143 4351 dicta
2188 4291 2262 4351 de
2302 4291 2543 4367 Wycba
2589 4291 2650 4350 in
2697 4290 2968 4351 ecclesia
3013 4288 3426 4367 Sleswicensi,
3479 4295 3734 4350 vacante
3782 4305 3896 4366 per
3943 4308 4112 4351 con-

766 4400 1151 4459 stitutionem
1206 4394 1695 4471 ·Execrabilis·,
1754 4394 2065 4472 providet,
2124 4409 2251 4453 uon
2300 4392 2586 4454 obstante
2635 4393 2798 4470 quod
2847 4394 2910 4453 111
2957 4392 3242 4453 ecclesiis
3293 4390 3550 4469 Ripensi
3598 4396 3661 4453 et
3705 4390 4114 4455 sleswicensi

766 4502 847 4562 sit
903 4500 1247 4561 canonicus
1305 4496 1741 4576 praebendatus
1800 4503 1861 4556 et
1920 4497 1980 4555 in
2046 4497 2318 4557 ecclesia
2375 4495 2450 4557 de
2505 4496 2647 4556 villa
2703 4494 3019 4556 Emberlei'
3067 4496 3254 4555 altare
3313 4493 3610 4554 obtineat.
3663 4528 3740 4537 —
3787 4494 4116 4575 Avim‘one,

766 4604 835 4665 X.
886 4604 1003 4663 kal.
1050 4600 1409 4679 Novembr.,
1456 4617 1621 4661 611110
1670 4616 1860 4661 110110.

1383 4701 1498 4754 Udt.
1538 4705 1553 4752 i
1591 4703 1661 4767 Ny
1700 4704 1965 4755 kirkehist.
2005 4703 2301 4767 Samlinger
2337 4702 2393 4753 V.
2434 4700 2552 4755 849.

1076 4806 1293 4871 *2412
1386 4806 1767 4869 {nocturnus
1805 4804 2019 4887 (Vltus)
2056 4824 2216 4886 papa
2240 4824 2382 4867 cum
2414 4804 2665 4866 Daniele
2695 4804 2954 4883 Nicolai,
2993 4804 3338 4882 presbitero
3365 4800 3776 4864 Otboniensis
3801 4800 4116 4881 diocesis,

768 4912 1121 4991 dispensat,
1181 4916 1249 4971 ut
1292 4908 1457 4971 aliud
1502 4908 1873 4970 beneficium
1922 4910 2420 4971 ecclesiasticum
2479 4908 2760 4970 obtinere
2807 4908 3034 4983 valeat,
3095 4922 3283 4981 quum
3331 4906 3604 4967 ecclesia
3647 4907 3786 4983 ejus
3833 4906 4120 4967 totaliter

770 5018 851 5077 sit
896 5003 1213 5075 destructa
1256 5013 1501 5089 guerris
1548 5018 1610 5072 et
1654 5011 2151 5073 mortalitatibus.
2200 5046 2282 5056 —
2331 5012 2639 5088 Αυίηίοηο,
2685 5010 2755 5071 Χ.
2805 5010 2922 5069 kal.
2971 5006 3328 5085 Novembr„
3374 5024 3540 5069 auno
3585 5024 3782 5069 nono.

1389 5114 1505 5166 Udt.
1544 5117 1561 5165 i
1598 5116 1669 5181 Ny
1704 5115 1970 5166 kirkebist.
2008 5114 2305 5178 Samlinger
2341 5114 2396 5165 V.
2432 5112 2690 5167 849—50.
