<?xml version="1.0" encoding="UTF-8"?>
<!DOCTYPE html PUBLIC "-//W3C//DTD XHTML 1.0 Transitional//EN"
    "http://www.w3.org/TR/xhtml1/DTD/xhtml1-transitional.dtd">
<html xmlns="http://www.w3.org/1999/xhtml" xml:lang="en" lang="en">
 <head>
  <title>
</title>
<meta http-equiv="Content-Type" content="text/html;charset=utf-8" />
  <meta name='ocr-system' content='tesseract 3.04.00' />
  <meta name='ocr-capabilities' content='ocr_page ocr_carea ocr_par ocr_line ocrx_word'/>
</head>
<body>
  <div class='ocr_page' id='page_1' title='image "./regestadiplomat00unkngoog_0244.png"; bbox 0 0 4275 5759; ppageno 0'>
   <div class='ocr_carea' id='block_1_1' title="bbox 320 644 722 713">
    <p class='ocr_par' dir='ltr' id='par_1_1' title="bbox 320 644 722 713">
     <span class='ocr_line' id='line_1_1' title="bbox 320 644 722 713; baseline -0.007 -2"><span class='ocrx_word' id='word_1_1' title='bbox 320 644 722 713; x_wconf 81' lang='lat'><strong>1326-1336.</strong></span> 
     </span>
    </p>
   </div>
   <div class='ocr_carea' id='block_1_2' title="bbox 446 1333 634 1398">
    <p class='ocr_par' dir='ltr' id='par_1_2' title="bbox 446 1333 634 1398">
     <span class='ocr_line' id='line_1_2' title="bbox 446 1333 634 1398; baseline -0.016 -1"><span class='ocrx_word' id='word_1_2' title='bbox 446 1333 634 1398; x_wconf 79' lang='lat'><strong>1327.</strong></span> 
     </span>
    </p>
   </div>
   <div class='ocr_carea' id='block_1_3' title="bbox 359 1524 687 1575">
    <p class='ocr_par' dir='ltr' id='par_1_3' title="bbox 359 1524 687 1575">
     <span class='ocr_line' id='line_1_3' title="bbox 359 1524 687 1575; baseline -0.015 0"><span class='ocrx_word' id='word_1_3' title='bbox 359 1524 436 1575; x_wconf 91' lang='grc'><strong>10.</strong></span> <span class='ocrx_word' id='word_1_4' title='bbox 474 1524 687 1573; x_wconf 70' lang='lat' dir='ltr'><strong>Ianuar.</strong></span> 
     </span>
    </p>
   </div>
   <div class='ocr_carea' id='block_1_4' title="bbox 356 2158 686 2210">
    <p class='ocr_par' dir='ltr' id='par_1_4' title="bbox 356 2158 686 2210">
     <span class='ocr_line' id='line_1_4' title="bbox 356 2158 686 2210; baseline -0.015 0"><span class='ocrx_word' id='word_1_5' title='bbox 356 2158 438 2210; x_wconf 85' lang='lat'><strong>14.</strong></span> <span class='ocrx_word' id='word_1_6' title='bbox 475 2158 686 2206; x_wconf 81' lang='lat' dir='ltr'><strong>Januar.</strong></span> 
     </span>
    </p>
   </div>
   <div class='ocr_carea' id='block_1_5' title="bbox 355 2896 689 2951">
    <p class='ocr_par' dir='ltr' id='par_1_5' title="bbox 355 2896 689 2951">
     <span class='ocr_line' id='line_1_5' title="bbox 355 2896 689 2951; baseline -0.021 0"><span class='ocrx_word' id='word_1_7' title='bbox 355 2898 438 2951; x_wconf 86' lang='lat'><strong>30.</strong></span> <span class='ocrx_word' id='word_1_8' title='bbox 475 2896 689 2948; x_wconf 72' lang='grc'><strong>«1111111111.</strong></span> 
     </span>
    </p>
   </div>
   <div class='ocr_carea' id='block_1_6' title="bbox 453 3222 689 3275">
    <p class='ocr_par' dir='ltr' id='par_1_6' title="bbox 453 3222 689 3275">
     <span class='ocr_line' id='line_1_6' title="bbox 453 3222 689 3275; baseline -0.017 0"><span class='ocrx_word' id='word_1_9' title='bbox 453 3224 502 3275; x_wconf 81' lang='lat'><strong>2.</strong></span> <span class='ocrx_word' id='word_1_10' title='bbox 543 3222 689 3272; x_wconf 83' lang='lat' dir='ltr'><strong>Febr.</strong></span> 
     </span>
    </p>
   </div>
   <div class='ocr_carea' id='block_1_7' title="bbox 423 3632 691 3685">
    <p class='ocr_par' dir='ltr' id='par_1_7' title="bbox 423 3632 691 3685">
     <span class='ocr_line' id='line_1_7' title="bbox 423 3632 691 3685; baseline -0.019 1"><span class='ocrx_word' id='word_1_11' title='bbox 423 3634 506 3685; x_wconf 76' lang='lat'><strong>25.</strong></span> <span class='ocrx_word' id='word_1_12' title='bbox 548 3632 691 3681; x_wconf 79' lang='lat' dir='ltr'><strong>Febr.</strong></span> 
     </span>
    </p>
   </div>
   <div class='ocr_carea' id='block_1_8' title="bbox 391 4337 696 4390">
    <p class='ocr_par' dir='ltr' id='par_1_8' title="bbox 391 4337 696 4390">
     <span class='ocr_line' id='line_1_8' title="bbox 391 4337 696 4390; baseline -0.016 0"><span class='ocrx_word' id='word_1_13' title='bbox 391 4338 474 4390; x_wconf 87' lang='lat'><strong>10.</strong></span> <span class='ocrx_word' id='word_1_14' title='bbox 515 4337 696 4385; x_wconf 73' lang='lat' dir='ltr'><strong>Martii.</strong></span> 
     </span>
    </p>
   </div>
   <div class='ocr_carea' id='block_1_9' title="bbox 325 4730 696 4783">
    <p class='ocr_par' dir='ltr' id='par_1_9' title="bbox 325 4730 696 4783">
     <span class='ocr_line' id='line_1_9' title="bbox 325 4730 696 4783; baseline -0.003 -2"><span class='ocrx_word' id='word_1_15' title='bbox 325 4730 381 4781; x_wconf 87' lang='lat' dir='ltr'><strong>C.</strong></span> <span class='ocrx_word' id='word_1_16' title='bbox 410 4732 490 4783; x_wconf 90' lang='lat'><strong>10.</strong></span> <span class='ocrx_word' id='word_1_17' title='bbox 513 4730 696 4780; x_wconf 77' lang='lat' dir='ltr'><strong>Martii.</strong></span> 
     </span>
    </p>
   </div>
   <div class='ocr_carea' id='block_1_10' title="bbox 765 366 3062 448">
    <p class='ocr_par' dir='ltr' id='par_1_10' title="bbox 765 366 3062 448">
     <span class='ocr_line' id='line_1_10' title="bbox 765 366 3062 448; baseline -0.002 -2"><span class='ocrx_word' id='word_1_18' title='bbox 765 375 914 448; x_wconf 80' lang='lat'><strong>210</strong></span> <span class='ocrx_word' id='word_1_19' title='bbox 1791 366 2010 443; x_wconf 68' lang='lat' dir='ltr'><strong>Kone</strong></span> <span class='ocrx_word' id='word_1_20' title='bbox 2065 370 2550 443; x_wconf 75' lang='lat' dir='ltr'><strong>Cnms&#39;rorrsa</strong></span> <span class='ocrx_word' id='word_1_21' title='bbox 2602 392 2739 441; x_wconf 79' lang='lat' dir='ltr'><strong>DEN</strong></span> <span class='ocrx_word' id='word_1_22' title='bbox 2792 370 3062 443; x_wconf 74' lang='lat' dir='ltr'><strong>ANDEN.</strong></span> 
     </span>
    </p>
   </div>
   <div class='ocr_carea' id='block_1_11' title="bbox 832 512 3812 519">
    <p class='ocr_par' dir='ltr' id='par_1_11' title="bbox 832 512 3812 519">
     <span class='ocr_line' id='line_1_11' title="bbox 832 512 3812 519; baseline 0 -1"><span class='ocrx_word' id='word_1_23' title='bbox 832 512 1119 519; x_wconf 78' lang='lat'>—-———-</span> <span class='ocrx_word' id='word_1_24' title='bbox 1224 514 1251 517; x_wconf 85' lang='lat'><strong>—</strong></span> <span class='ocrx_word' id='word_1_25' title='bbox 1294 514 1305 517; x_wconf 80' lang='grc'>-</span> <span class='ocrx_word' id='word_1_26' title='bbox 1348 512 1359 516; x_wconf 90' lang='grc'><strong>-</strong></span> <span class='ocrx_word' id='word_1_27' title='bbox 1484 512 1663 517; x_wconf 71' lang='grc'><em>-.--.</em></span> <span class='ocrx_word' id='word_1_28' title='bbox 1702 512 1717 517; x_wconf 87' lang='grc'><strong>-</strong></span> <span class='ocrx_word' id='word_1_29' title='bbox 1824 514 1841 517; x_wconf 89' lang='grc'>-</span> <span class='ocrx_word' id='word_1_30' title='bbox 1890 513 1909 517; x_wconf 75' lang='grc'>-</span> <span class='ocrx_word' id='word_1_31' title='bbox 2096 512 2255 518; x_wconf 83' lang='lat'><strong>——--</strong></span> <span class='ocrx_word' id='word_1_32' title='bbox 2305 512 2470 518; x_wconf 71' lang='lat'><strong>———</strong></span> <span class='ocrx_word' id='word_1_33' title='bbox 2811 512 3114 518; x_wconf 85' lang='lat'><strong>——--——</strong></span> <span class='ocrx_word' id='word_1_34' title='bbox 3169 512 3402 518; x_wconf 56' lang='lat'><em>—-—-⁶</em></span> <span class='ocrx_word' id='word_1_35' title='bbox 3625 512 3641 517; x_wconf 88' lang='grc'><strong>.-</strong></span> <span class='ocrx_word' id='word_1_36' title='bbox 3779 514 3812 519; x_wconf 80' lang='lat'><em>—</em></span> 
     </span>
    </p>
   </div>
   <div class='ocr_carea' id='block_1_12' title="bbox 2135 648 2748 733">
    <p class='ocr_par' dir='ltr' id='par_1_12' title="bbox 2135 648 2748 733">
     <span class='ocr_line' id='line_1_12' title="bbox 2135 648 2748 733; baseline -0.003 0"><span class='ocrx_word' id='word_1_37' title='bbox 2135 648 2479 733; x_wconf 85' lang='grc'><strong>1326-</strong></span> <span class='ocrx_word' id='word_1_38' title='bbox 2496 650 2748 733; x_wconf 88' lang='grc'><strong>1336.</strong></span> 
     </span>
    </p>
   </div>
   <div class='ocr_carea' id='block_1_13' title="bbox 759 835 4105 999">
    <p class='ocr_par' dir='ltr' id='par_1_13' title="bbox 759 835 4105 999">
     <span class='ocr_line' id='line_1_13' title="bbox 1064 835 4105 915; baseline -0.001 -16"><span class='ocrx_word' id='word_1_39' title='bbox 1064 835 1283 899; x_wconf 83' lang='lat'>*1431.</span> <span class='ocrx_word' id='word_1_40' title='bbox 1374 835 1558 896; x_wconf 87' lang='lat' dir='ltr'><strong>Liber</strong></span> <span class='ocrx_word' id='word_1_41' title='bbox 1614 837 2102 915; x_wconf 86' lang='lat' dir='ltr'><strong>computationis</strong></span> <span class='ocrx_word' id='word_1_42' title='bbox 2160 852 2605 898; x_wconf 61' lang='lat' dir='ltr'><strong>transnatantes</strong></span> <span class='ocrx_word' id='word_1_43' title='bbox 2664 850 2864 895; x_wconf 73' lang='lat' dir='ltr'><strong>omo·</strong></span> <span class='ocrx_word' id='word_1_44' title='bbox 2911 835 3395 912; x_wconf 67' lang='lat' dir='ltr'><strong>Wtsmrusasts,</strong></span> <span class='ocrx_word' id='word_1_45' title='bbox 3454 836 3514 895; x_wconf 90' lang='grc'><strong>111</strong></span> <span class='ocrx_word' id='word_1_46' title='bbox 3570 852 3699 911; x_wconf 84' lang='lat' dir='ltr'><strong>quo</strong></span> <span class='ocrx_word' id='word_1_47' title='bbox 3744 836 4105 913; x_wconf 82' lang='lat' dir='ltr'>complures</span> 
     </span>
     <span class='ocr_line' id='line_1_14' title="bbox 759 938 1718 999; baseline 0.001 -2"><span class='ocrx_word' id='word_1_48' title='bbox 759 939 1032 999; x_wconf 87' lang='lat' dir='ltr'><strong>rationes</strong></span> <span class='ocrx_word' id='word_1_49' title='bbox 1081 938 1156 999; x_wconf 90' lang='lat' dir='ltr'><strong>de</strong></span> <span class='ocrx_word' id='word_1_50' title='bbox 1206 938 1393 998; x_wconf 89' lang='lat' dir='ltr'><strong>rebus</strong></span> <span class='ocrx_word' id='word_1_51' title='bbox 1441 938 1718 998; x_wconf 84' lang='lat' dir='ltr'><strong>Danicis.</strong></span> 
     </span>
    </p>
   </div>
   <div class='ocr_carea' id='block_1_14' title="bbox 1375 1037 4102 1188">
    <p class='ocr_par' dir='ltr' id='par_1_14' title="bbox 1375 1037 4102 1188">
     <span class='ocr_line' id='line_1_15' title="bbox 1375 1037 4102 1101; baseline -0 -12"><span class='ocrx_word' id='word_1_52' title='bbox 1375 1040 1548 1097; x_wconf 81' lang='lat' dir='ltr'><strong>Lisch,</strong></span> <span class='ocrx_word' id='word_1_53' title='bbox 1586 1040 1868 1091; x_wconf 72' lang='lat' dir='ltr'><strong>Jahn-buch.</strong></span> <span class='ocrx_word' id='word_1_54' title='bbox 1902 1042 1948 1090; x_wconf 91' lang='lat' dir='ltr'><strong>d.</strong></span> <span class='ocrx_word' id='word_1_55' title='bbox 1983 1039 2198 1089; x_wconf 84' lang='lat' dir='ltr'>Vereins</span> <span class='ocrx_word' id='word_1_56' title='bbox 2236 1040 2268 1089; x_wconf 79' lang='lat' dir='ltr'><strong>l.</strong></span> <span class='ocrx_word' id='word_1_57' title='bbox 2298 1037 2791 1101; x_wconf 82' lang='lat' dir='ltr'><strong>meklenburgische</strong></span> <span class='ocrx_word' id='word_1_58' title='bbox 2821 1038 3134 1089; x_wconf 87' lang='lat' dir='ltr'><strong>Geschichte</strong></span> <span class='ocrx_word' id='word_1_59' title='bbox 3166 1053 3217 1088; x_wconf 93' lang='lat' dir='ltr'><strong>u.</strong></span> <span class='ocrx_word' id='word_1_60' title='bbox 3247 1039 3603 1089; x_wconf 77' lang='lat' dir='ltr'><strong>Alterthumer</strong></span> <span class='ocrx_word' id='word_1_61' title='bbox 3640 1039 3814 1089; x_wconf 79' lang='grc' dir='ltr'><strong>ΧΧΙΧ.</strong></span> <span class='ocrx_word' id='word_1_62' title='bbox 3844 1039 4102 1093; x_wconf 84' lang='lat'>81—108.</span> 
     </span>
     <span class='ocr_line' id='line_1_16' title="bbox 1379 1122 3118 1188; baseline 0.001 -14"><span class='ocrx_word' id='word_1_63' title='bbox 1379 1125 1890 1188; x_wconf 73' lang='lat' dir='ltr'><strong>Meklenburglsches</strong></span> <span class='ocrx_word' id='word_1_64' title='bbox 1929 1122 2270 1176; x_wconf 81' lang='lat' dir='ltr'><strong>Urkundenb.</strong></span> <span class='ocrx_word' id='word_1_65' title='bbox 2310 1124 2411 1174; x_wconf 83' lang='lat' dir='ltr'><strong>vlt.</strong></span> <span class='ocrx_word' id='word_1_66' title='bbox 2450 1124 2668 1182; x_wconf 82' lang='lat'><strong>356-58,</strong></span> <span class='ocrx_word' id='word_1_67' title='bbox 2706 1122 2825 1183; x_wconf 80' lang='lat'><strong>465,</strong></span> <span class='ocrx_word' id='word_1_68' title='bbox 2864 1122 3118 1177; x_wconf 82' lang='lat'>543-46.</span> 
     </span>
    </p>
   </div>
   <div class='ocr_carea' id='block_1_15' title="bbox 2313 1335 2567 1418">
    <p class='ocr_par' dir='ltr' id='par_1_15' title="bbox 2313 1335 2567 1418">
     <span class='ocr_line' id='line_1_17' title="bbox 2313 1335 2567 1418; baseline -0.008 0"><span class='ocrx_word' id='word_1_69' title='bbox 2313 1335 2567 1418; x_wconf 83' lang='lat'><strong>1327.</strong></span> 
     </span>
    </p>
   </div>
   <div class='ocr_carea' id='block_1_16' title="bbox 757 1514 4119 1905">
    <p class='ocr_par' dir='ltr' id='par_1_16' title="bbox 757 1514 4119 1905">
     <span class='ocr_line' id='line_1_18' title="bbox 1069 1514 4111 1599; baseline -0.001 -15"><span class='ocrx_word' id='word_1_70' title='bbox 1069 1520 1284 1584; x_wconf 82' lang='grc'><strong>’1432.</strong></span> <span class='ocrx_word' id='word_1_71' title='bbox 1381 1514 1797 1599; x_wconf 71' lang='lat' dir='ltr'><strong>sommus,</strong></span> <span class='ocrx_word' id='word_1_72' title='bbox 1847 1522 2041 1583; x_wconf 89' lang='lat' dir='ltr'><strong>Greve</strong></span> <span class='ocrx_word' id='word_1_73' title='bbox 2077 1522 2145 1582; x_wconf 84' lang='lat' dir='ltr'><strong>af</strong></span> <span class='ocrx_word' id='word_1_74' title='bbox 2175 1521 2633 1599; x_wconf 58' lang='lat' dir='ltr'><strong>vastssasncn,</strong></span> <span class='ocrx_word' id='word_1_75' title='bbox 2683 1537 2764 1596; x_wconf 87' lang='lat' dir='ltr'><strong>og</strong></span> <span class='ocrx_word' id='word_1_76' title='bbox 2802 1520 3152 1583; x_wconf 73' lang='lat' dir='ltr'><strong>Famemms</strong></span> <span class='ocrx_word' id='word_1_77' title='bbox 3190 1518 3373 1598; x_wconf 81' lang='lat' dir='ltr'><strong>Posr,</strong></span> <span class='ocrx_word' id='word_1_78' title='bbox 3424 1518 3679 1597; x_wconf 83' lang='lat' dir='ltr'><strong>Ridder,</strong></span> <span class='ocrx_word' id='word_1_79' title='bbox 3727 1520 4111 1598; x_wconf 81' lang='lat' dir='ltr'><strong>Formynder</strong></span> 
     </span>
     <span class='ocr_line' id='line_1_19' title="bbox 757 1622 4119 1703; baseline -0.001 -19"><span class='ocrx_word' id='word_1_80' title='bbox 757 1626 854 1687; x_wconf 82' lang='lat' dir='ltr'><strong>for</strong></span> <span class='ocrx_word' id='word_1_81' title='bbox 909 1623 1030 1685; x_wconf 88' lang='lat' dir='ltr'><strong>den</strong></span> <span class='ocrx_word' id='word_1_82' title='bbox 1086 1623 1309 1685; x_wconf 81' lang='lat' dir='ltr'><strong>afdode</strong></span> <span class='ocrx_word' id='word_1_83' title='bbox 1368 1624 1604 1699; x_wconf 85' lang='lat' dir='ltr'><strong>Hertug</strong></span> <span class='ocrx_word' id='word_1_84' title='bbox 1669 1624 1995 1685; x_wconf 86' lang='lat' dir='ltr'><strong>Wartislav</strong></span> <span class='ocrx_word' id='word_1_85' title='bbox 2052 1624 2118 1682; x_wconf 83' lang='lat' dir='ltr'><strong>af</strong></span> <span class='ocrx_word' id='word_1_86' title='bbox 2157 1622 2480 1685; x_wconf 90' lang='lat' dir='ltr'><strong>Wendens</strong></span> <span class='ocrx_word' id='word_1_87' title='bbox 2538 1641 2619 1699; x_wconf 87' lang='lat' dir='ltr'><strong>og</strong></span> <span class='ocrx_word' id='word_1_88' title='bbox 2672 1622 2931 1701; x_wconf 77' lang='lat' dir='ltr'><strong>Rfigens</strong></span> <span class='ocrx_word' id='word_1_89' title='bbox 2980 1622 3256 1698; x_wconf 77' lang='lat' dir='ltr'><strong>Sanner,</strong></span> <span class='ocrx_word' id='word_1_90' title='bbox 3316 1628 3699 1703; x_wconf 82' lang='lat' dir='ltr'><strong>praesentere</strong></span> <span class='ocrx_word' id='word_1_91' title='bbox 3759 1625 3827 1683; x_wconf 92' lang='lat' dir='ltr'><strong>til</strong></span> <span class='ocrx_word' id='word_1_92' title='bbox 3884 1622 4119 1685; x_wconf 76' lang='lat' dir='ltr'><strong>Ludoll&#39;</strong></span> 
     </span>
     <span class='ocr_line' id='line_1_20' title="bbox 757 1722 4105 1808; baseline -0.001 -21"><span class='ocrx_word' id='word_1_93' title='bbox 757 1744 876 1787; x_wconf 83' lang='lat' dir='ltr'><strong>von</strong></span> <span class='ocrx_word' id='word_1_94' title='bbox 933 1726 1180 1805; x_wconf 88' lang='lat' dir='ltr'><strong>Bulow,</strong></span> <span class='ocrx_word' id='word_1_95' title='bbox 1239 1725 1692 1786; x_wconf 80' lang='lat' dir='ltr'><strong>Archiadiacon</strong></span> <span class='ocrx_word' id='word_1_96' title='bbox 1750 1726 1765 1783; x_wconf 89' lang='lat' dir='ltr'><strong>i</strong></span> <span class='ocrx_word' id='word_1_97' title='bbox 1823 1725 2062 1786; x_wconf 89' lang='lat' dir='ltr'><strong>Landet</strong></span> <span class='ocrx_word' id='word_1_98' title='bbox 2105 1725 2461 1808; x_wconf 12' lang='lat' dir='ltr'><strong>&#39;‘l&#39;rybeseS,</strong></span> <span class='ocrx_word' id='word_1_99' title='bbox 2524 1726 2629 1786; x_wconf 82' lang='lat' dir='ltr'><strong>Hr.</strong></span> <span class='ocrx_word' id='word_1_100' title='bbox 2680 1725 3008 1786; x_wconf 91' lang='lat' dir='ltr'><strong>Conradus</strong></span> <span class='ocrx_word' id='word_1_101' title='bbox 3070 1724 3261 1786; x_wconf 73' lang='lat' dir='ltr'><strong>Albus</strong></span> <span class='ocrx_word' id='word_1_102' title='bbox 3313 1725 3380 1784; x_wconf 90' lang='lat' dir='ltr'><strong>til</strong></span> <span class='ocrx_word' id='word_1_103' title='bbox 3439 1722 3799 1786; x_wconf 81' lang='lat' dir='ltr'><strong>Stralsunds</strong></span> <span class='ocrx_word' id='word_1_104' title='bbox 3860 1726 4105 1803; x_wconf 67' lang='grc'><strong>803116-</strong></span> 
     </span>
     <span class='ocr_line' id='line_1_21' title="bbox 757 1827 4109 1905; baseline -0.001 -15"><span class='ocrx_word' id='word_1_105' title='bbox 757 1831 928 1890; x_wconf 85' lang='lat' dir='ltr'><strong>kirke</strong></span> <span class='ocrx_word' id='word_1_106' title='bbox 975 1829 1116 1889; x_wconf 89' lang='lat' dir='ltr'><strong>med</strong></span> <span class='ocrx_word' id='word_1_107' title='bbox 1166 1829 1492 1905; x_wconf 77' lang='lat' dir='ltr'><strong>Samtykke</strong></span> <span class='ocrx_word' id='word_1_108' title='bbox 1537 1828 1604 1889; x_wconf 76' lang='lat' dir='ltr'><strong>al*</strong></span> <span class='ocrx_word' id='word_1_109' title='bbox 1633 1828 1814 1903; x_wconf 85' lang='lat' dir='ltr'><strong>Kong</strong></span> <span class='ocrx_word' id='word_1_110' title='bbox 1854 1828 2185 1889; x_wconf 87' lang='lat' dir='ltr'><strong>Valdemar</strong></span> <span class='ocrx_word' id='word_1_111' title='bbox 2229 1830 2247 1888; x_wconf 92' lang='lat' dir='ltr'><strong>i</strong></span> <span class='ocrx_word' id='word_1_112' title='bbox 2289 1827 2599 1891; x_wconf 78' lang='lat' dir='ltr'><strong>Danmark</strong></span> <span class='ocrx_word' id='word_1_113' title='bbox 2646 1845 2727 1905; x_wconf 78' lang='lat' dir='ltr'><strong>cg</strong></span> <span class='ocrx_word' id='word_1_114' title='bbox 2774 1829 2933 1889; x_wconf 81' lang='lat' dir='ltr'><strong>Grev</strong></span> <span class='ocrx_word' id='word_1_115' title='bbox 2962 1828 3250 1889; x_wconf 81' lang='lat' dir='ltr'><strong>Gerhard</strong></span> <span class='ocrx_word' id='word_1_116' title='bbox 3298 1829 3317 1887; x_wconf 93' lang='lat' dir='ltr'><strong>i</strong></span> <span class='ocrx_word' id='word_1_117' title='bbox 3357 1828 3637 1891; x_wconf 75' lang='lat' dir='ltr'><strong>liolsten.</strong></span> <span class='ocrx_word' id='word_1_118' title='bbox 3686 1862 3769 1873; x_wconf 88' lang='lat'><strong>--</strong></span> <span class='ocrx_word' id='word_1_119' title='bbox 3813 1830 4109 1905; x_wconf 55' lang='grc' dir='ltr'><strong>θωρακ-</strong></span> 
     </span>
    </p>
   </div>
   <div class='ocr_carea' id='block_1_17' title="bbox 757 1931 3239 2095">
    <p class='ocr_par' dir='ltr' id='par_1_17' title="bbox 757 1931 3239 2095">
     <span class='ocr_line' id='line_1_22' title="bbox 757 1931 2219 2011; baseline -0.001 -20"><span class='ocrx_word' id='word_1_120' title='bbox 757 1932 999 2010; x_wconf 78' lang='lat' dir='ltr'><strong>waldis,</strong></span> <span class='ocrx_word' id='word_1_121' title='bbox 1048 1931 1306 1993; x_wconf 85' lang='lat' dir='ltr'><strong>sabbato</strong></span> <span class='ocrx_word' id='word_1_122' title='bbox 1352 1932 1512 1992; x_wconf 79' lang='lat' dir='ltr'><strong>infra</strong></span> <span class='ocrx_word' id='word_1_123' title='bbox 1558 1937 1806 1992; x_wconf 85' lang='lat' dir='ltr'><strong>octavas</strong></span> <span class='ocrx_word' id='word_1_124' title='bbox 1855 1931 2219 2011; x_wconf 87' lang='lat' dir='ltr'><strong>Epiphanie.</strong></span> 
     </span>
     <span class='ocr_line' id='line_1_23' title="bbox 1375 2030 3239 2095; baseline -0.001 -11"><span class='ocrx_word' id='word_1_125' title='bbox 1375 2030 1494 2084; x_wconf 83' lang='lat' dir='ltr'><strong>Udt.</strong></span> <span class='ocrx_word' id='word_1_126' title='bbox 1533 2037 1550 2084; x_wconf 89' lang='grc'><strong>1</strong></span> <span class='ocrx_word' id='word_1_127' title='bbox 1587 2032 1738 2095; x_wconf 76' lang='lat' dir='ltr'><strong>tydsk</strong></span> <span class='ocrx_word' id='word_1_128' title='bbox 1775 2032 1952 2083; x_wconf 74' lang='lat' dir='ltr'><strong>OverS.</strong></span> <span class='ocrx_word' id='word_1_129' title='bbox 1995 2036 2008 2082; x_wconf 92' lang='lat' dir='ltr'><strong>i</strong></span> <span class='ocrx_word' id='word_1_130' title='bbox 2049 2032 2563 2095; x_wconf 77' lang='lat' dir='ltr'><strong>Meklenburgisches</strong></span> <span class='ocrx_word' id='word_1_131' title='bbox 2600 2032 2938 2084; x_wconf 84' lang='lat' dir='ltr'><strong>Urkundenb.</strong></span> <span class='ocrx_word' id='word_1_132' title='bbox 2978 2030 3079 2082; x_wconf 79' lang='lat' dir='ltr'><strong>vn.</strong></span> <span class='ocrx_word' id='word_1_133' title='bbox 3120 2030 3239 2085; x_wconf 86' lang='grc'><strong>433.</strong></span> 
     </span>
    </p>
   </div>
   <div class='ocr_carea' id='block_1_18' title="bbox 759 2153 4113 2644">
    <p class='ocr_par' dir='ltr' id='par_1_18' title="bbox 759 2153 4113 2644">
     <span class='ocr_line' id='line_1_24' title="bbox 1067 2153 4113 2233; baseline -0.001 -15"><span class='ocrx_word' id='word_1_134' title='bbox 1067 2153 1287 2218; x_wconf 88' lang='grc'><strong>’1433.</strong></span> <span class='ocrx_word' id='word_1_135' title='bbox 1381 2155 1622 2215; x_wconf 79' lang='lat' dir='ltr'><strong>Litterae</strong></span> <span class='ocrx_word' id='word_1_136' title='bbox 1663 2170 2103 2216; x_wconf 70' lang='lat' dir='ltr'><strong>ruocuauoms</strong></span> <span class='ocrx_word' id='word_1_137' title='bbox 2131 2155 2421 2227; x_wconf 67' lang='lat' dir='ltr'><strong>(Henaton</strong></span> <span class='ocrx_word' id='word_1_138' title='bbox 2458 2155 2693 2215; x_wconf 87' lang='lat' dir='ltr'><strong>domiui</strong></span> <span class='ocrx_word' id='word_1_139' title='bbox 2730 2154 3244 2233; x_wconf 72' lang='lat' dir='ltr'><strong>Magnopolensis</strong></span> <span class='ocrx_word' id='word_1_140' title='bbox 3284 2158 3345 2215; x_wconf 88' lang='lat' dir='ltr'><strong>et</strong></span> <span class='ocrx_word' id='word_1_141' title='bbox 3372 2154 3683 2227; x_wconf 66' lang='lat' dir='ltr'><strong>(Jousums</strong></span> <span class='ocrx_word' id='word_1_142' title='bbox 3709 2160 3772 2215; x_wconf 89' lang='grc'><strong>61</strong></span> <span class='ocrx_word' id='word_1_143' title='bbox 3794 2154 4113 2225; x_wconf 59' lang='grc'><strong>1011111118)</strong></span> 
     </span>
     <span class='ocr_line' id='line_1_25' title="bbox 759 2255 4111 2336; baseline -0 -17"><span class='ocrx_word' id='word_1_144' title='bbox 759 2257 1155 2319; x_wconf 89' lang='lat' dir='ltr'><strong>dominorum</strong></span> <span class='ocrx_word' id='word_1_145' title='bbox 1203 2256 1279 2319; x_wconf 91' lang='grc'><strong>(16</strong></span> <span class='ocrx_word' id='word_1_146' title='bbox 1317 2258 1525 2319; x_wconf 85' lang='lat' dir='ltr'><strong>Werle</strong></span> <span class='ocrx_word' id='word_1_147' title='bbox 1572 2256 1648 2316; x_wconf 89' lang='lat' dir='ltr'><strong>ad</strong></span> <span class='ocrx_word' id='word_1_148' title='bbox 1692 2257 1803 2318; x_wconf 82' lang='lat' dir='ltr'><strong>Lu.</strong></span> <span class='ocrx_word' id='word_1_149' title='bbox 1852 2256 1926 2317; x_wconf 88' lang='lat' dir='ltr'><strong>de</strong></span> <span class='ocrx_word' id='word_1_150' title='bbox 1969 2256 2241 2333; x_wconf 89' lang='lat' dir='ltr'><strong>Bulowe,</strong></span> <span class='ocrx_word' id='word_1_151' title='bbox 2289 2257 2799 2317; x_wconf 83' lang='lat' dir='ltr'><strong>archidiaconum</strong></span> <span class='ocrx_word' id='word_1_152' title='bbox 2847 2255 3132 2316; x_wconf 74' lang='lat' dir='ltr'><strong>ecclesiae</strong></span> <span class='ocrx_word' id='word_1_153' title='bbox 3184 2256 3438 2336; x_wconf 78' lang='lat' dir='ltr'>suadis,</span> <span class='ocrx_word' id='word_1_154' title='bbox 3486 2256 3715 2333; x_wconf 85' lang='lat' dir='ltr'><strong>quibus</strong></span> <span class='ocrx_word' id='word_1_155' title='bbox 3762 2274 3905 2317; x_wconf 90' lang='lat' dir='ltr'><strong>eum</strong></span> <span class='ocrx_word' id='word_1_156' title='bbox 3956 2257 4111 2318; x_wconf 86' lang='lat' dir='ltr'><strong>hor-</strong></span> 
     </span>
     <span class='ocr_line' id='line_1_26' title="bbox 759 2356 4113 2439; baseline -0 -19"><span class='ocrx_word' id='word_1_157' title='bbox 759 2367 941 2437; x_wconf 89' lang='lat' dir='ltr'><strong>tatur,</strong></span> <span class='ocrx_word' id='word_1_158' title='bbox 971 2367 1039 2421; x_wconf 90' lang='lat' dir='ltr'><strong>ut</strong></span> <span class='ocrx_word' id='word_1_159' title='bbox 1061 2356 1393 2421; x_wconf 86' lang='lat' dir='ltr'><strong>Martinum</strong></span> <span class='ocrx_word' id='word_1_160' title='bbox 1422 2358 1845 2436; x_wconf 88' lang='lat' dir='ltr'><strong>Dotenberch‚</strong></span> <span class='ocrx_word' id='word_1_161' title='bbox 1881 2359 1957 2419; x_wconf 89' lang='lat' dir='ltr'><strong>ab</strong></span> <span class='ocrx_word' id='word_1_162' title='bbox 1977 2359 2292 2439; x_wconf 68' lang='lat' dir='ltr'><strong>praedictis</strong></span> <span class='ocrx_word' id='word_1_163' title='bbox 2320 2362 2451 2420; x_wconf 86' lang='lat' dir='ltr'><strong>suis</strong></span> <span class='ocrx_word' id='word_1_164' title='bbox 2481 2358 2751 2420; x_wconf 90' lang='lat' dir='ltr'><strong>dominis</strong></span> <span class='ocrx_word' id='word_1_165' title='bbox 2780 2364 3221 2437; x_wconf 85' lang='lat' dir='ltr'><strong>praesentatum</strong></span> <span class='ocrx_word' id='word_1_166' title='bbox 3246 2358 3323 2419; x_wconf 87' lang='lat' dir='ltr'><strong>ad</strong></span> <span class='ocrx_word' id='word_1_167' title='bbox 3350 2360 3683 2421; x_wconf 87' lang='lat' dir='ltr'><strong>ecclesiam</strong></span> <span class='ocrx_word' id='word_1_168' title='bbox 3712 2359 4113 2419; x_wconf 81' lang='lat' dir='ltr'><strong>Suadensem</strong></span> 
     </span>
     <span class='ocr_line' id='line_1_27' title="bbox 760 2460 4111 2542; baseline -0.001 -19"><span class='ocrx_word' id='word_1_169' title='bbox 760 2465 1057 2542; x_wconf 84' lang='lat' dir='ltr'><strong>suscipit3</strong></span> <span class='ocrx_word' id='word_1_170' title='bbox 1110 2464 1218 2540; x_wconf 86' lang='lat' dir='ltr'><strong>jus</strong></span> <span class='ocrx_word' id='word_1_171' title='bbox 1265 2466 1430 2523; x_wconf 89' lang='lat' dir='ltr'><strong>enim</strong></span> <span class='ocrx_word' id='word_1_172' title='bbox 1480 2463 1979 2539; x_wconf 76' lang='lat' dir='ltr'><strong>praesentatIonis</strong></span> <span class='ocrx_word' id='word_1_173' title='bbox 2038 2480 2253 2524; x_wconf 90' lang='lat' dir='ltr'><strong>eorum</strong></span> <span class='ocrx_word' id='word_1_174' title='bbox 2301 2480 2479 2539; x_wconf 86' lang='lat' dir='ltr'><strong>esse,</strong></span> <span class='ocrx_word' id='word_1_175' title='bbox 2529 2480 2719 2539; x_wconf 90' lang='lat' dir='ltr'><strong>quum</strong></span> <span class='ocrx_word' id='word_1_176' title='bbox 2766 2462 2843 2522; x_wconf 87' lang='lat' dir='ltr'><strong>ab</strong></span> <span class='ocrx_word' id='word_1_177' title='bbox 2892 2462 3240 2522; x_wconf 84' lang='lat' dir='ltr'><strong>Cristol&#39;oro</strong></span> <span class='ocrx_word' id='word_1_178' title='bbox 3288 2460 3606 2522; x_wconf 89' lang='lat' dir='ltr'><strong>Danorum</strong></span> <span class='ocrx_word' id='word_1_179' title='bbox 3656 2462 4111 2539; x_wconf 82' lang='lat' dir='ltr'><strong>slavorumque</strong></span> 
     </span>
     <span class='ocr_line' id='line_1_28' title="bbox 761 2564 4111 2644; baseline -0.001 -17"><span class='ocrx_word' id='word_1_180' title='bbox 761 2584 929 2644; x_wconf 85' lang='lat' dir='ltr'><strong>rege,</strong></span> <span class='ocrx_word' id='word_1_181' title='bbox 977 2582 1122 2627; x_wconf 91' lang='lat' dir='ltr'><strong>vero</strong></span> <span class='ocrx_word' id='word_1_182' title='bbox 1159 2566 1414 2625; x_wconf 87' lang='lat' dir='ltr'><strong>domino</strong></span> <span class='ocrx_word' id='word_1_183' title='bbox 1451 2564 1618 2625; x_wconf 78' lang='lat' dir='ltr'><strong>feodi</strong></span> <span class='ocrx_word' id='word_1_184' title='bbox 1662 2566 2047 2643; x_wconf 77' lang='lat' dir='ltr'>principatus</span> <span class='ocrx_word' id='word_1_185' title='bbox 2091 2566 2515 2643; x_wconf 83' lang='lat' dir='ltr'><strong>Ruyanorum,</strong></span> <span class='ocrx_word' id='word_1_186' title='bbox 2564 2564 2639 2624; x_wconf 91' lang='lat' dir='ltr'><strong>de</strong></span> <span class='ocrx_word' id='word_1_187' title='bbox 2688 2570 2819 2625; x_wconf 91' lang='lat' dir='ltr'><strong>toto</strong></span> <span class='ocrx_word' id='word_1_188' title='bbox 2866 2566 2988 2625; x_wconf 89' lang='grc'><strong>1106</strong></span> <span class='ocrx_word' id='word_1_189' title='bbox 3035 2568 3388 2643; x_wconf 86' lang='lat' dir='ltr'><strong>principatu</strong></span> <span class='ocrx_word' id='word_1_190' title='bbox 3435 2569 3497 2624; x_wconf 91' lang='lat' dir='ltr'><strong>et</strong></span> <span class='ocrx_word' id='word_1_191' title='bbox 3543 2570 3875 2642; x_wconf 88' lang='lat' dir='ltr'><strong>propterea</strong></span> <span class='ocrx_word' id='word_1_192' title='bbox 3922 2568 4111 2624; x_wconf 86' lang='lat' dir='ltr'><strong>etiam</strong></span> 
     </span>
    </p>
   </div>
   <div class='ocr_carea' id='block_1_19' title="bbox 759 2664 3003 2832">
    <p class='ocr_par' dir='ltr' id='par_1_19' title="bbox 759 2664 3003 2832">
     <span class='ocr_line' id='line_1_29' title="bbox 759 2664 3003 2746; baseline -0.001 -16"><span class='ocrx_word' id='word_1_193' title='bbox 759 2668 835 2730; x_wconf 90' lang='lat' dir='ltr'><strong>de</strong></span> <span class='ocrx_word' id='word_1_194' title='bbox 883 2670 1125 2730; x_wconf 82' lang='lat' dir='ltr'><strong>civitate</strong></span> <span class='ocrx_word' id='word_1_195' title='bbox 1173 2667 1403 2728; x_wconf 88' lang='lat' dir='ltr'><strong>Sundis</strong></span> <span class='ocrx_word' id='word_1_196' title='bbox 1450 2668 1596 2728; x_wconf 88' lang='lat' dir='ltr'><strong>huic</strong></span> <span class='ocrx_word' id='word_1_197' title='bbox 1644 2668 1978 2746; x_wconf 80' lang='lat' dir='ltr'><strong>pertinenti</strong></span> <span class='ocrx_word' id='word_1_198' title='bbox 2024 2666 2319 2729; x_wconf 81' lang='lat' dir='ltr'><strong>infeodati</strong></span> <span class='ocrx_word' id='word_1_199' title='bbox 2369 2670 2513 2728; x_wconf 87' lang='lat' dir='ltr'><strong>sint.</strong></span> <span class='ocrx_word' id='word_1_200' title='bbox 2566 2699 2643 2711; x_wconf 89' lang='lat'><strong>—-</strong></span> <span class='ocrx_word' id='word_1_201' title='bbox 2692 2664 2837 2727; x_wconf 89' lang='lat' dir='ltr'><strong>Sine</strong></span> <span class='ocrx_word' id='word_1_202' title='bbox 2884 2667 3003 2727; x_wconf 93' lang='lat' dir='ltr'><strong>die.</strong></span> 
     </span>
     <span class='ocr_line' id='line_1_30' title="bbox 1377 2768 2703 2832; baseline 0 -13"><span class='ocrx_word' id='word_1_203' title='bbox 1377 2768 1892 2832; x_wconf 65' lang='lat' dir='ltr'><strong>Heklenburgtsches</strong></span> <span class='ocrx_word' id='word_1_204' title='bbox 1930 2770 2271 2821; x_wconf 84' lang='lat' dir='ltr'><strong>Urkundeub.</strong></span> <span class='ocrx_word' id='word_1_205' title='bbox 2313 2770 2412 2820; x_wconf 87' lang='lat' dir='ltr'><strong>Vll.</strong></span> <span class='ocrx_word' id='word_1_206' title='bbox 2450 2769 2703 2823; x_wconf 84' lang='lat'><strong>431—32.</strong></span> 
     </span>
    </p>
   </div>
   <div class='ocr_carea' id='block_1_20' title="bbox 1069 2889 4114 2973">
    <p class='ocr_par' dir='ltr' id='par_1_20' title="bbox 1069 2889 4114 2973">
     <span class='ocr_line' id='line_1_31' title="bbox 1069 2889 4114 2973; baseline -0.001 -20"><span class='ocrx_word' id='word_1_207' title='bbox 1069 2890 1286 2973; x_wconf 50' lang='lat'>51434.</span> <span class='ocrx_word' id='word_1_208' title='bbox 1378 2892 1801 2954; x_wconf 68' lang='lat' dir='ltr'><strong>WAtnsuAaus</strong></span> <span class='ocrx_word' id='word_1_209' title='bbox 1846 2909 1948 2952; x_wconf 87' lang='lat' dir='ltr'><strong>rex</strong></span> <span class='ocrx_word' id='word_1_210' title='bbox 1989 2892 2163 2969; x_wconf 82' lang='lat' dir='ltr'><strong>leges</strong></span> <span class='ocrx_word' id='word_1_211' title='bbox 2199 2897 2261 2953; x_wconf 88' lang='lat' dir='ltr'><strong>et</strong></span> <span class='ocrx_word' id='word_1_212' title='bbox 2287 2894 2431 2969; x_wconf 87' lang='lat' dir='ltr'><strong>jura</strong></span> <span class='ocrx_word' id='word_1_213' title='bbox 2464 2892 2759 2968; x_wconf 81' lang='lat' dir='ltr'><strong>forensia,</strong></span> <span class='ocrx_word' id='word_1_214' title='bbox 2810 2908 2945 2967; x_wconf 77' lang='lat' dir='ltr'><strong>quae</strong></span> <span class='ocrx_word' id='word_1_215' title='bbox 2983 2892 3187 2951; x_wconf 85' lang='lat' dir='ltr'><strong>villani</strong></span> <span class='ocrx_word' id='word_1_216' title='bbox 3225 2890 3303 2953; x_wconf 91' lang='lat' dir='ltr'><strong>de</strong></span> <span class='ocrx_word' id='word_1_217' title='bbox 3336 2890 3693 2967; x_wconf 79' lang='lat' dir='ltr'><strong>Herigstath</strong></span> <span class='ocrx_word' id='word_1_218' title='bbox 3732 2889 3811 2951; x_wconf 88' lang='lat' dir='ltr'><strong>ab</strong></span> <span class='ocrx_word' id='word_1_219' title='bbox 3850 2892 4114 2967; x_wconf 86' lang='lat' dir='ltr'><strong>antiquo</strong></span> 
     </span>
    </p>
   </div>
   <div class='ocr_carea' id='block_1_21' title="bbox 761 2992 4113 3149">
    <p class='ocr_par' dir='ltr' id='par_1_21' title="bbox 761 2992 4113 3149">
     <span class='ocr_line' id='line_1_32' title="bbox 761 2992 4113 3073; baseline -0.001 -16"><span class='ocrx_word' id='word_1_220' title='bbox 761 2994 1135 3073; x_wconf 84' lang='lat' dir='ltr'><strong>habuerunt,</strong></span> <span class='ocrx_word' id='word_1_221' title='bbox 1172 2992 1521 3055; x_wconf 81' lang='lat' dir='ltr'><strong>confirmat.</strong></span> <span class='ocrx_word' id='word_1_222' title='bbox 1565 3029 1642 3038; x_wconf 93' lang='lat'>—</span> <span class='ocrx_word' id='word_1_223' title='bbox 1679 2994 1990 3073; x_wconf 60' lang='lat' dir='ltr'><strong>Nyburyla,</strong></span> <span class='ocrx_word' id='word_1_224' title='bbox 2029 3000 2205 3055; x_wconf 84' lang='lat' dir='ltr'><strong>sexta</strong></span> <span class='ocrx_word' id='word_1_225' title='bbox 2229 2993 2381 3055; x_wconf 79' lang='lat' dir='ltr'><strong>feria</strong></span> <span class='ocrx_word' id='word_1_226' title='bbox 2405 2996 2685 3073; x_wconf 80' lang='lat' dir='ltr'><strong>proxima</strong></span> <span class='ocrx_word' id='word_1_227' title='bbox 2710 2999 2853 3055; x_wconf 88' lang='lat' dir='ltr'><strong>ante</strong></span> <span class='ocrx_word' id='word_1_228' title='bbox 2883 2994 3377 3071; x_wconf 82' lang='lat' dir='ltr'><strong>purificationem</strong></span> <span class='ocrx_word' id='word_1_229' title='bbox 3403 2993 3583 3055; x_wconf 86' lang='lat' dir='ltr'><strong>beate</strong></span> <span class='ocrx_word' id='word_1_230' title='bbox 3607 2993 3801 3056; x_wconf 83' lang='lat' dir='ltr'><strong>Marie</strong></span> <span class='ocrx_word' id='word_1_231' title='bbox 3830 2995 4113 3069; x_wconf 76' lang='lat' dir='ltr'><strong>virginis.</strong></span> 
     </span>
     <span class='ocr_line' id='line_1_33' title="bbox 1377 3096 2110 3149; baseline -0.001 -3"><span class='ocrx_word' id='word_1_232' title='bbox 1377 3096 1567 3147; x_wconf 80' lang='lat' dir='ltr'><strong>fflstor,</strong></span> <span class='ocrx_word' id='word_1_233' title='bbox 1605 3096 1836 3149; x_wconf 72' lang='lat' dir='ltr'><strong>Tldsskr.</strong></span> <span class='ocrx_word' id='word_1_234' title='bbox 1875 3096 1954 3147; x_wconf 85' lang='lat' dir='ltr'><strong>IV.</strong></span> <span class='ocrx_word' id='word_1_235' title='bbox 1993 3096 2110 3149; x_wconf 88' lang='grc'><strong>604.</strong></span> 
     </span>
    </p>
   </div>
   <div class='ocr_carea' id='block_1_22' title="bbox 761 3214 4121 4116">
    <p class='ocr_par' dir='ltr' id='par_1_22' title="bbox 761 3214 4116 3486">
     <span class='ocr_line' id='line_1_34' title="bbox 1071 3214 4116 3295; baseline -0.002 -15"><span class='ocrx_word' id='word_1_236' title='bbox 1071 3217 1288 3280; x_wconf 86' lang='grc'><strong>’1435.</strong></span> <span class='ocrx_word' id='word_1_237' title='bbox 1381 3217 1561 3294; x_wconf 79' lang='lat' dir='ltr'><strong>Kong</strong></span> <span class='ocrx_word' id='word_1_238' title='bbox 1620 3218 1944 3279; x_wconf 56' lang='lat' dir='ltr'><strong>Vannius</strong></span> <span class='ocrx_word' id='word_1_239' title='bbox 2011 3222 2407 3295; x_wconf 78' lang='lat' dir='ltr'><strong>pantsaetter,</strong></span> <span class='ocrx_word' id='word_1_240' title='bbox 2478 3218 2617 3277; x_wconf 88' lang='lat' dir='ltr'><strong>med</strong></span> <span class='ocrx_word' id='word_1_241' title='bbox 2677 3218 2837 3278; x_wconf 89' lang='lat' dir='ltr'><strong>Grev</strong></span> <span class='ocrx_word' id='word_1_242' title='bbox 2894 3216 3209 3278; x_wconf 83' lang='lat' dir='ltr'><strong>Gerhards</strong></span> <span class='ocrx_word' id='word_1_243' title='bbox 3278 3232 3359 3291; x_wconf 83' lang='lat' dir='ltr'><strong>og</strong></span> <span class='ocrx_word' id='word_1_244' title='bbox 3422 3214 3695 3277; x_wconf 85' lang='lat' dir='ltr'><strong>Raadets</strong></span> <span class='ocrx_word' id='word_1_245' title='bbox 3752 3216 4116 3293; x_wconf 72' lang='lat' dir='ltr'><strong>Samtykke,</strong></span> 
     </span>
     <span class='ocr_line' id='line_1_35' title="bbox 761 3317 4115 3401; baseline -0.001 -18"><span class='ocrx_word' id='word_1_246' title='bbox 761 3322 1092 3401; x_wconf 83' lang='lat' dir='ltr'><strong>AEbeltol&#39;t,</strong></span> <span class='ocrx_word' id='word_1_247' title='bbox 1161 3319 1451 3380; x_wconf 87' lang='lat' dir='ltr'><strong>Grindow</strong></span> <span class='ocrx_word' id='word_1_248' title='bbox 1507 3338 1589 3396; x_wconf 87' lang='lat' dir='ltr'><strong>og</strong></span> <span class='ocrx_word' id='word_1_249' title='bbox 1645 3322 1792 3381; x_wconf 81' lang='lat' dir='ltr'><strong>llere</strong></span> <span class='ocrx_word' id='word_1_250' title='bbox 1851 3319 2096 3381; x_wconf 89' lang='lat' dir='ltr'><strong>Godser</strong></span> <span class='ocrx_word' id='word_1_251' title='bbox 2150 3321 2218 3380; x_wconf 89' lang='lat' dir='ltr'><strong>til</strong></span> <span class='ocrx_word' id='word_1_252' title='bbox 2275 3320 2419 3379; x_wconf 84' lang='lat' dir='ltr'><strong>Erik</strong></span> <span class='ocrx_word' id='word_1_253' title='bbox 2476 3320 2673 3380; x_wconf 83' lang='lat' dir='ltr'><strong>Holck</strong></span> <span class='ocrx_word' id='word_1_254' title='bbox 2731 3337 2812 3397; x_wconf 80' lang='lat' dir='ltr'><strong>og</strong></span> <span class='ocrx_word' id='word_1_255' title='bbox 2870 3321 3037 3395; x_wconf 81' lang='lat' dir='ltr'><strong>Aage</strong></span> <span class='ocrx_word' id='word_1_256' title='bbox 3078 3318 3451 3380; x_wconf 69' lang='grc'><strong>1110618860.</strong></span> <span class='ocrx_word' id='word_1_257' title='bbox 3504 3355 3583 3362; x_wconf 93' lang='lat'><strong>—-</strong></span> <span class='ocrx_word' id='word_1_258' title='bbox 3638 3318 3753 3378; x_wconf 81' lang='lat' dir='ltr'><strong>Die</strong></span> <span class='ocrx_word' id='word_1_259' title='bbox 3810 3317 4115 3395; x_wconf 81' lang='lat' dir='ltr'><strong>purifica-</strong></span> 
     </span>
     <span class='ocr_line' id='line_1_36' title="bbox 763 3424 1211 3486; baseline -0.004 -1"><span class='ocrx_word' id='word_1_260' title='bbox 763 3427 951 3486; x_wconf 81' lang='lat' dir='ltr'><strong>tionis</strong></span> <span class='ocrx_word' id='word_1_261' title='bbox 999 3424 1211 3485; x_wconf 86' lang='lat' dir='ltr'><strong>Marie.</strong></span> 
     </span>
    </p>

    <p class='ocr_par' dir='ltr' id='par_1_23' title="bbox 1381 3504 3455 3570">
     <span class='ocr_line' id='line_1_37' title="bbox 1381 3504 3455 3570; baseline -0.001 -12"><span class='ocrx_word' id='word_1_262' title='bbox 1381 3506 1498 3558; x_wconf 89' lang='lat' dir='ltr'><strong>Udt.</strong></span> <span class='ocrx_word' id='word_1_263' title='bbox 1537 3510 1552 3557; x_wconf 92' lang='grc'><strong>1</strong></span> <span class='ocrx_word' id='word_1_264' title='bbox 1589 3506 1853 3567; x_wconf 77' lang='lat' dir='ltr'><strong>Hvitreldt,</strong></span> <span class='ocrx_word' id='word_1_265' title='bbox 1893 3508 2076 3557; x_wconf 84' lang='lat' dir='ltr'><strong>Danm.</strong></span> <span class='ocrx_word' id='word_1_266' title='bbox 2114 3507 2271 3570; x_wconf 84' lang='lat' dir='ltr'><strong>nges</strong></span> <span class='ocrx_word' id='word_1_267' title='bbox 2307 3505 2466 3560; x_wconf 76' lang='lat' dir='ltr'><strong>Kren.</strong></span> <span class='ocrx_word' id='word_1_268' title='bbox 2506 3508 2557 3557; x_wconf 90' lang='lat' dir='ltr'><strong>S.</strong></span> <span class='ocrx_word' id='word_1_269' title='bbox 2587 3506 2829 3561; x_wconf 76' lang='lat'>439—40</span> <span class='ocrx_word' id='word_1_270' title='bbox 2863 3506 3162 3570; x_wconf 82' lang='lat' dir='ltr'><strong>(Kvartudg.</strong></span> <span class='ocrx_word' id='word_1_271' title='bbox 3199 3504 3281 3555; x_wconf 84' lang='lat'>111.</span> <span class='ocrx_word' id='word_1_272' title='bbox 3318 3504 3455 3568; x_wconf 88' lang='grc'><strong>349).</strong></span> 
     </span>
    </p>

    <p class='ocr_par' dir='ltr' id='par_1_24' title="bbox 765 3625 4121 4017">
     <span class='ocr_line' id='line_1_38' title="bbox 1072 3625 4117 3707; baseline 0 -16"><span class='ocrx_word' id='word_1_273' title='bbox 1072 3626 1290 3691; x_wconf 84' lang='grc'><strong>’1436.</strong></span> <span class='ocrx_word' id='word_1_274' title='bbox 1385 3629 1735 3691; x_wconf 76' lang='lat' dir='ltr'><strong>Luaowmus</strong></span> <span class='ocrx_word' id='word_1_275' title='bbox 1811 3630 2237 3690; x_wconf 85' lang='lat' dir='ltr'><strong>Romanorum</strong></span> <span class='ocrx_word' id='word_1_276' title='bbox 2321 3646 2427 3689; x_wconf 86' lang='lat' dir='ltr'><strong>rex</strong></span> <span class='ocrx_word' id='word_1_277' title='bbox 2493 3628 2833 3690; x_wconf 88' lang='lat' dir='ltr'><strong>Bertholdo</strong></span> <span class='ocrx_word' id='word_1_278' title='bbox 2913 3628 3126 3689; x_wconf 84' lang='lat' dir='ltr'><strong>comiti</strong></span> <span class='ocrx_word' id='word_1_279' title='bbox 3206 3626 3283 3687; x_wconf 93' lang='grc'><strong>(16</strong></span> <span class='ocrx_word' id='word_1_280' title='bbox 3352 3625 3771 3707; x_wconf 82' lang='lat' dir='ltr'><strong>Hennenberg</strong></span> <span class='ocrx_word' id='word_1_281' title='bbox 3852 3628 4117 3691; x_wconf 87' lang='lat' dir='ltr'><strong>liberam</strong></span> 
     </span>
     <span class='ocr_line' id='line_1_39' title="bbox 765 3730 4121 3813; baseline -0.001 -20"><span class='ocrx_word' id='word_1_282' title='bbox 765 3738 1136 3813; x_wconf 86' lang='lat' dir='ltr'><strong>potestatem</strong></span> <span class='ocrx_word' id='word_1_283' title='bbox 1185 3747 1223 3791; x_wconf 87' lang='lat' dir='ltr'><strong>a</strong></span> <span class='ocrx_word' id='word_1_284' title='bbox 1258 3730 1650 3791; x_wconf 83' lang='lat' dir='ltr'><strong>Christoforo</strong></span> <span class='ocrx_word' id='word_1_285' title='bbox 1691 3732 2003 3793; x_wconf 79' lang='lat' dir='ltr'><strong>[lanorum</strong></span> <span class='ocrx_word' id='word_1_286' title='bbox 2055 3749 2199 3809; x_wconf 87' lang='lat' dir='ltr'><strong>rege</strong></span> <span class='ocrx_word' id='word_1_287' title='bbox 2248 3748 2556 3793; x_wconf 87' lang='lat' dir='ltr'><strong>summam</strong></span> <span class='ocrx_word' id='word_1_288' title='bbox 2605 3730 2935 3793; x_wconf 84' lang='lat' dir='ltr'><strong>duodecim</strong></span> <span class='ocrx_word' id='word_1_289' title='bbox 2984 3731 3241 3792; x_wconf 89' lang='lat' dir='ltr'><strong>millium</strong></span> <span class='ocrx_word' id='word_1_290' title='bbox 3289 3746 3636 3791; x_wconf 85' lang='lat' dir='ltr'><strong>marcarum</strong></span> <span class='ocrx_word' id='word_1_291' title='bbox 3682 3733 3928 3807; x_wconf 79' lang='lat' dir='ltr'><strong>argenti</strong></span> <span class='ocrx_word' id='word_1_292' title='bbox 3977 3734 4121 3812; x_wconf 90' lang='lat' dir='ltr'><strong>puri</strong></span> 
     </span>
     <span class='ocr_line' id='line_1_40' title="bbox 768 3832 4119 3915; baseline 0 -20"><span class='ocrx_word' id='word_1_293' title='bbox 768 3853 878 3915; x_wconf 88' lang='lat' dir='ltr'><strong>per</strong></span> <span class='ocrx_word' id='word_1_294' title='bbox 933 3852 1073 3895; x_wconf 89' lang='lat' dir='ltr'><strong>eum</strong></span> <span class='ocrx_word' id='word_1_295' title='bbox 1121 3832 1436 3895; x_wconf 86' lang='lat' dir='ltr'><strong>Ludovico</strong></span> <span class='ocrx_word' id='word_1_296' title='bbox 1485 3834 1831 3895; x_wconf 82' lang='lat' dir='ltr'><strong>marchioni</strong></span> <span class='ocrx_word' id='word_1_297' title='bbox 1879 3834 2469 3910; x_wconf 85' lang='lat' dir='ltr'><strong>Brandenburgensi</strong></span> <span class='ocrx_word' id='word_1_298' title='bbox 2528 3836 2589 3894; x_wconf 92' lang='lat' dir='ltr'><strong>in</strong></span> <span class='ocrx_word' id='word_1_299' title='bbox 2637 3834 2845 3896; x_wconf 88' lang='lat' dir='ltr'><strong>dotem</strong></span> <span class='ocrx_word' id='word_1_300' title='bbox 2894 3834 3255 3909; x_wconf 79' lang='lat' dir='ltr'><strong>Margaretae</strong></span> <span class='ocrx_word' id='word_1_301' title='bbox 3314 3832 3451 3893; x_wconf 77' lang='lat' dir='ltr'><strong>ssliae</strong></span> <span class='ocrx_word' id='word_1_302' title='bbox 3510 3835 3887 3911; x_wconf 87' lang='lat' dir='ltr'><strong>promissam</strong></span> <span class='ocrx_word' id='word_1_303' title='bbox 3950 3837 4119 3895; x_wconf 88' lang='lat' dir='ltr'><strong>reci-</strong></span> 
     </span>
     <span class='ocr_line' id='line_1_41' title="bbox 765 3936 2488 4017; baseline 0.001 -20"><span class='ocrx_word' id='word_1_304' title='bbox 765 3938 976 4017; x_wconf 85' lang='lat' dir='ltr'><strong>piendi</strong></span> <span class='ocrx_word' id='word_1_305' title='bbox 1023 3936 1146 3997; x_wconf 90' lang='lat' dir='ltr'><strong>dat.</strong></span> <span class='ocrx_word' id='word_1_306' title='bbox 1195 3970 1278 3980; x_wconf 92' lang='lat'><strong>—-</strong></span> <span class='ocrx_word' id='word_1_307' title='bbox 1325 3938 1502 4013; x_wconf 83' lang='lat' dir='ltr'><strong>Apud</strong></span> <span class='ocrx_word' id='word_1_308' title='bbox 1549 3936 1914 4017; x_wconf 70' lang='lat' dir='ltr'><strong>Tridentum,</strong></span> <span class='ocrx_word' id='word_1_309' title='bbox 1961 3937 2032 3998; x_wconf 87' lang='lat' dir='ltr'><strong>V.</strong></span> <span class='ocrx_word' id='word_1_310' title='bbox 2083 3938 2202 3999; x_wconf 85' lang='lat' dir='ltr'><strong>kal.</strong></span> <span class='ocrx_word' id='word_1_311' title='bbox 2250 3937 2488 4000; x_wconf 86' lang='lat' dir='ltr'><strong>Marcii.</strong></span> 
     </span>
    </p>

    <p class='ocr_par' dir='ltr' id='par_1_25' title="bbox 1384 4036 4119 4116">
     <span class='ocr_line' id='line_1_42' title="bbox 1384 4036 4119 4116; baseline 0 -28"><span class='ocrx_word' id='word_1_312' title='bbox 1384 4039 1656 4097; x_wconf 82' lang='lat' dir='ltr'><strong>Schultes,</strong></span> <span class='ocrx_word' id='word_1_313' title='bbox 1712 4038 1934 4103; x_wconf 82' lang='lat' dir='ltr'><strong>Dlplom.</strong></span> <span class='ocrx_word' id='word_1_314' title='bbox 1990 4040 2177 4090; x_wconf 85' lang='lat' dir='ltr'><strong>Gesch.</strong></span> <span class='ocrx_word' id='word_1_315' title='bbox 2234 4039 2285 4089; x_wconf 90' lang='grc'><strong>(1.</strong></span> <span class='ocrx_word' id='word_1_316' title='bbox 2339 4039 2540 4090; x_wconf 72' lang='grc'><strong>11611868</strong></span> <span class='ocrx_word' id='word_1_317' title='bbox 2596 4039 2905 4102; x_wconf 76' lang='lat' dir='ltr'><strong>Henneberg</strong></span> <span class='ocrx_word' id='word_1_318' title='bbox 2961 4039 3033 4099; x_wconf 84' lang='lat' dir='ltr'><strong>ll,</strong></span> <span class='ocrx_word' id='word_1_319' title='bbox 3088 4037 3321 4090; x_wconf 82' lang='lat' dir='ltr'><strong>Urkund.</strong></span> <span class='ocrx_word' id='word_1_320' title='bbox 3350 4036 3429 4116; x_wconf 82' lang='grc' dir='ltr'><strong>Ι8.</strong></span> <span class='ocrx_word' id='word_1_321' title='bbox 3467 4037 3688 4091; x_wconf 82' lang='grc'><strong>79-80.</strong></span> <span class='ocrx_word' id='word_1_322' title='bbox 3778 4038 4119 4103; x_wconf 79' lang='lat' dir='ltr'><strong>schoppach,</strong></span> 
     </span>
    </p>
   </div>
   <div class='ocr_carea' id='block_1_23' title="bbox 1385 4117 4117 4265">
    <p class='ocr_par' dir='ltr' id='par_1_26' title="bbox 1385 4117 4117 4265">
     <span class='ocr_line' id='line_1_43' title="bbox 1385 4117 4117 4189; baseline -0 -15"><span class='ocrx_word' id='word_1_323' title='bbox 1385 4124 1870 4188; x_wconf 77' lang='lat' dir='ltr'><strong>Hennebergisches</strong></span> <span class='ocrx_word' id='word_1_324' title='bbox 1897 4124 2237 4176; x_wconf 84' lang='lat' dir='ltr'><strong>Urkundenb.</strong></span> <span class='ocrx_word' id='word_1_325' title='bbox 2276 4126 2310 4175; x_wconf 93' lang='grc'><strong>1.</strong></span> <span class='ocrx_word' id='word_1_326' title='bbox 2352 4124 2636 4178; x_wconf 83' lang='grc'><strong>106-107.</strong></span> <span class='ocrx_word' id='word_1_327' title='bbox 2710 4122 2907 4185; x_wconf 82' lang='lat' dir='ltr'><strong>Riedel,</strong></span> <span class='ocrx_word' id='word_1_328' title='bbox 2944 4117 3072 4175; x_wconf 76' lang='lat' dir='ltr'><strong>Cod,</strong></span> <span class='ocrx_word' id='word_1_329' title='bbox 3102 4122 3315 4188; x_wconf 88' lang='lat' dir='ltr'><strong>diplom.</strong></span> <span class='ocrx_word' id='word_1_330' title='bbox 3346 4120 3742 4187; x_wconf 78' lang='lat' dir='ltr'><strong>Brandenburg.</strong></span> <span class='ocrx_word' id='word_1_331' title='bbox 3778 4123 3831 4177; x_wconf 79' lang='lat'><strong>2.</strong></span> <span class='ocrx_word' id='word_1_332' title='bbox 3862 4124 4117 4189; x_wconf 75' lang='lat' dir='ltr'><strong>Haupttb.</strong></span> 
     </span>
     <span class='ocr_line' id='line_1_44' title="bbox 1385 4210 1567 4265; baseline 0.011 -5"><span class='ocrx_word' id='word_1_333' title='bbox 1385 4210 1446 4261; x_wconf 92' lang='grc'><strong>11.</strong></span> <span class='ocrx_word' id='word_1_334' title='bbox 1483 4210 1567 4265; x_wconf 88' lang='grc'><strong>34.</strong></span> 
     </span>
    </p>
   </div>
   <div class='ocr_carea' id='block_1_24' title="bbox 1076 4328 4123 4411">
    <p class='ocr_par' dir='ltr' id='par_1_27' title="bbox 1076 4328 4123 4411">
     <span class='ocr_line' id='line_1_45' title="bbox 1076 4328 4123 4411; baseline -0.001 -16"><span class='ocrx_word' id='word_1_335' title='bbox 1076 4330 1293 4395; x_wconf 77' lang='grc'><strong>’1437.</strong></span> <span class='ocrx_word' id='word_1_336' title='bbox 1385 4332 1730 4411; x_wconf 80' lang='lat' dir='ltr'><strong>Appellatio</strong></span> <span class='ocrx_word' id='word_1_337' title='bbox 1789 4332 2062 4393; x_wconf 67' lang='grc'><strong>(1011111111</strong></span> <span class='ocrx_word' id='word_1_338' title='bbox 2117 4334 2298 4410; x_wconf 66' lang='lat' dir='ltr'><strong>Anat,</strong></span> <span class='ocrx_word' id='word_1_339' title='bbox 2358 4332 2729 4394; x_wconf 83' lang='lat' dir='ltr'><strong>Lubicensis</strong></span> <span class='ocrx_word' id='word_1_340' title='bbox 2786 4332 3094 4411; x_wconf 86' lang='lat' dir='ltr'><strong>diocesis,</strong></span> <span class='ocrx_word' id='word_1_341' title='bbox 3154 4331 3457 4411; x_wconf 86' lang='lat' dir='ltr'><strong>capellani</strong></span> <span class='ocrx_word' id='word_1_342' title='bbox 3504 4328 3805 4393; x_wconf 83' lang='lat' dir='ltr'><strong>Gerhardi</strong></span> <span class='ocrx_word' id='word_1_343' title='bbox 3864 4332 4123 4392; x_wconf 79' lang='lat' dir='ltr'><strong>comitis</strong></span> 
     </span>
    </p>
   </div>
   <div class='ocr_carea' id='block_1_25' title="bbox 769 4432 4119 4516">
    <p class='ocr_par' dir='ltr' id='par_1_28' title="bbox 769 4432 4119 4516">
     <span class='ocr_line' id='line_1_46' title="bbox 769 4432 4119 4516; baseline -0.001 -20"><span class='ocrx_word' id='word_1_344' title='bbox 769 4435 1108 4512; x_wconf 85' lang='lat' dir='ltr'><strong>Holtzacie,</strong></span> <span class='ocrx_word' id='word_1_345' title='bbox 1158 4435 1492 4496; x_wconf 87' lang='lat' dir='ltr'><strong>Stormarie</strong></span> <span class='ocrx_word' id='word_1_346' title='bbox 1541 4440 1602 4494; x_wconf 93' lang='grc'><strong>61</strong></span> <span class='ocrx_word' id='word_1_347' title='bbox 1649 4436 1869 4497; x_wconf 89' lang='lat' dir='ltr'><strong>tutoris</strong></span> <span class='ocrx_word' id='word_1_348' title='bbox 1916 4436 2094 4511; x_wconf 85' lang='lat' dir='ltr'><strong>regni</strong></span> <span class='ocrx_word' id='word_1_349' title='bbox 2133 4436 2341 4513; x_wconf 83' lang='lat' dir='ltr'><strong>Dacie,</strong></span> <span class='ocrx_word' id='word_1_350' title='bbox 2389 4435 2465 4496; x_wconf 90' lang='lat' dir='ltr'><strong>de</strong></span> <span class='ocrx_word' id='word_1_351' title='bbox 2514 4437 2997 4516; x_wconf 80' lang='lat' dir='ltr'><strong>praesentatione</strong></span> <span class='ocrx_word' id='word_1_352' title='bbox 3045 4451 3161 4497; x_wconf 88' lang='lat' dir='ltr'><strong>sua</strong></span> <span class='ocrx_word' id='word_1_353' title='bbox 3203 4434 3280 4497; x_wconf 83' lang='lat' dir='ltr'><strong>ad</strong></span> <span class='ocrx_word' id='word_1_354' title='bbox 3318 4434 3653 4495; x_wconf 86' lang='lat' dir='ltr'><strong>ecclesiam</strong></span> <span class='ocrx_word' id='word_1_355' title='bbox 3690 4432 4119 4495; x_wconf 81' lang='lat' dir='ltr'><strong>Suadensem.</strong></span> 
     </span>
    </p>
   </div>
   <div class='ocr_carea' id='block_1_26' title="bbox 899 4538 2975 4688">
    <p class='ocr_par' dir='ltr' id='par_1_29' title="bbox 899 4538 2975 4688">
     <span class='ocr_line' id='line_1_47' title="bbox 899 4538 2975 4688; baseline 0.023 -54"><span class='ocrx_word' id='word_1_356' title='bbox 899 4538 1022 4614; x_wconf 57' lang='grc' dir='ltr'><strong>αθ·</strong></span> <span class='ocrx_word' id='word_1_357' title='bbox 1069 4538 1318 4613; x_wconf 57' lang='lat' dir='ltr'>Marffl&#39;,</span> <span class='ocrx_word' id='word_1_358' title='bbox 1389 4622 1695 4687; x_wconf 64' lang='lat' dir='ltr'><strong>Bmdgtykk‚</strong></span> <span class='ocrx_word' id='word_1_359' title='bbox 1733 4626 1752 4674; x_wconf 82' lang='lat'>1</span> <span class='ocrx_word' id='word_1_360' title='bbox 1791 4622 2305 4688; x_wconf 77' lang='lat' dir='ltr'><strong>Meklenburgisches</strong></span> <span class='ocrx_word' id='word_1_361' title='bbox 2340 4623 2678 4675; x_wconf 81' lang='lat' dir='ltr'><strong>Urkundenb.</strong></span> <span class='ocrx_word' id='word_1_362' title='bbox 2717 4624 2821 4675; x_wconf 85' lang='lat' dir='ltr'><strong>vll.</strong></span> <span class='ocrx_word' id='word_1_363' title='bbox 2859 4623 2975 4678; x_wconf 85' lang='lat'><strong>433.</strong></span> 
     </span>
    </p>
   </div>
   <div class='ocr_carea' id='block_1_27' title="bbox 770 4722 4127 5219">
    <p class='ocr_par' dir='ltr' id='par_1_30' title="bbox 770 4722 4127 5219">
     <span class='ocr_line' id='line_1_48' title="bbox 1079 4722 4124 4807; baseline -0.001 -16"><span class='ocrx_word' id='word_1_364' title='bbox 1079 4728 1298 4791; x_wconf 81' lang='lat'>*1438.</span> <span class='ocrx_word' id='word_1_365' title='bbox 1387 4725 1744 4791; x_wconf 86' lang='lat' dir='ltr'><strong>Positiones</strong></span> <span class='ocrx_word' id='word_1_366' title='bbox 1793 4728 2060 4790; x_wconf 54' lang='lat' dir='ltr'><strong>counio:</strong></span> <span class='ocrx_word' id='word_1_367' title='bbox 2109 4730 2256 4789; x_wconf 68' lang='lat' dir='ltr'><strong>Atat</strong></span> <span class='ocrx_word' id='word_1_368' title='bbox 2314 4728 2391 4789; x_wconf 88' lang='lat' dir='ltr'><strong>de</strong></span> <span class='ocrx_word' id='word_1_369' title='bbox 2438 4731 2582 4807; x_wconf 86' lang='lat' dir='ltr'><strong>jure</strong></span> <span class='ocrx_word' id='word_1_370' title='bbox 2641 4727 3141 4807; x_wconf 66' lang='lat' dir='ltr'><strong>praesentationis</strong></span> <span class='ocrx_word' id='word_1_371' title='bbox 3190 4725 3265 4787; x_wconf 86' lang='lat' dir='ltr'><strong>ad</strong></span> <span class='ocrx_word' id='word_1_372' title='bbox 3314 4726 3645 4789; x_wconf 83' lang='lat' dir='ltr'><strong>ecclesiam</strong></span> <span class='ocrx_word' id='word_1_373' title='bbox 3694 4722 4124 4807; x_wconf 80' lang='lat' dir='ltr'><strong>Suadensem,</strong></span> 
     </span>
     <span class='ocr_line' id='line_1_49' title="bbox 771 4828 4125 4911; baseline 0.001 -20"><span class='ocrx_word' id='word_1_374' title='bbox 771 4832 834 4891; x_wconf 92' lang='lat' dir='ltr'><strong>in</strong></span> <span class='ocrx_word' id='word_1_375' title='bbox 884 4830 1110 4909; x_wconf 89' lang='lat' dir='ltr'><strong>quibus</strong></span> <span class='ocrx_word' id='word_1_376' title='bbox 1157 4838 1638 4909; x_wconf 89' lang='lat' dir='ltr'><strong>commemorat,</strong></span> <span class='ocrx_word' id='word_1_377' title='bbox 1699 4830 2112 4893; x_wconf 76' lang='lat' dir='ltr'><strong>cristoforum</strong></span> <span class='ocrx_word' id='word_1_378' title='bbox 2170 4834 2309 4909; x_wconf 86' lang='lat' dir='ltr'><strong>-qui</strong></span> <span class='ocrx_word' id='word_1_379' title='bbox 2364 4838 2512 4893; x_wconf 89' lang='lat' dir='ltr'><strong>tunc</strong></span> <span class='ocrx_word' id='word_1_380' title='bbox 2570 4833 2869 4911; x_wconf 89' lang='lat' dir='ltr'><strong>temporis</strong></span> <span class='ocrx_word' id='word_1_381' title='bbox 2916 4832 3333 4893; x_wconf 88' lang='lat' dir='ltr'><strong>communiter</strong></span> <span class='ocrx_word' id='word_1_382' title='bbox 3378 4828 3747 4891; x_wconf 82' lang='lat' dir='ltr'><strong>credebatur</strong></span> <span class='ocrx_word' id='word_1_383' title='bbox 3800 4837 3863 4891; x_wconf 83' lang='lat' dir='ltr'><strong>et</strong></span> <span class='ocrx_word' id='word_1_384' title='bbox 3920 4830 4125 4893; x_wconf 84' lang='lat' dir='ltr'><strong>habe-</strong></span> 
     </span>
     <span class='ocr_line' id='line_1_50' title="bbox 770 4933 4127 5014; baseline 0 -20"><span class='ocrx_word' id='word_1_385' title='bbox 770 4934 954 4994; x_wconf 86' lang='lat' dir='ltr'><strong>batur</strong></span> <span class='ocrx_word' id='word_1_386' title='bbox 997 4951 1110 5012; x_wconf 92' lang='lat' dir='ltr'><strong>pro</strong></span> <span class='ocrx_word' id='word_1_387' title='bbox 1159 4952 1304 5009; x_wconf 89' lang='lat' dir='ltr'><strong>rege</strong></span> <span class='ocrx_word' id='word_1_388' title='bbox 1350 4933 1564 4993; x_wconf 82' lang='lat' dir='ltr'><strong>Datie·</strong></span> <span class='ocrx_word' id='word_1_389' title='bbox 1618 4935 1904 4996; x_wconf 86' lang='lat' dir='ltr'><strong>Warslao</strong></span> <span class='ocrx_word' id='word_1_390' title='bbox 1951 4936 2366 5014; x_wconf 85' lang='lat' dir='ltr'><strong>principatum</strong></span> <span class='ocrx_word' id='word_1_391' title='bbox 2418 4935 2816 5012; x_wconf 85' lang='lat' dir='ltr'><strong>Ruyanorum</strong></span> <span class='ocrx_word' id='word_1_392' title='bbox 2863 4935 2926 4995; x_wconf 93' lang='lat' dir='ltr'><strong>in</strong></span> <span class='ocrx_word' id='word_1_393' title='bbox 2985 4933 3235 4996; x_wconf 77' lang='lat' dir='ltr'><strong>feodum</strong></span> <span class='ocrx_word' id='word_1_394' title='bbox 3283 4934 3707 5013; x_wconf 77' lang='lat' dir='ltr'><strong>concessisse,</strong></span> <span class='ocrx_word' id='word_1_395' title='bbox 3764 4938 3831 4993; x_wconf 85' lang='lat' dir='ltr'><strong>et</strong></span> <span class='ocrx_word' id='word_1_396' title='bbox 3876 4939 4127 4995; x_wconf 85' lang='lat' dir='ltr'><strong>tutores</strong></span> 
     </span>
     <span class='ocr_line' id='line_1_51' title="bbox 771 5035 4127 5112; baseline -0 -14"><span class='ocrx_word' id='word_1_397' title='bbox 771 5036 1070 5099; x_wconf 85' lang='lat' dir='ltr'><strong>heredum</strong></span> <span class='ocrx_word' id='word_1_398' title='bbox 1118 5037 1386 5099; x_wconf 85' lang='lat' dir='ltr'><strong>Warslai</strong></span> <span class='ocrx_word' id='word_1_399' title='bbox 1441 5039 1768 5101; x_wconf 81' lang='lat' dir='ltr'><strong>infantium</strong></span> <span class='ocrx_word' id='word_1_400' title='bbox 1826 5038 2020 5099; x_wconf 88' lang='lat' dir='ltr'><strong>tutela</strong></span> <span class='ocrx_word' id='word_1_401' title='bbox 2076 5039 2505 5099; x_wconf 83' lang='lat' dir='ltr'><strong>renuntiantes</strong></span> <span class='ocrx_word' id='word_1_402' title='bbox 2562 5038 3029 5099; x_wconf 86' lang='lat' dir='ltr'><strong>Woldemarum</strong></span> <span class='ocrx_word' id='word_1_403' title='bbox 3085 5054 3297 5112; x_wconf 81' lang='lat' dir='ltr'><strong>regem</strong></span> <span class='ocrx_word' id='word_1_404' title='bbox 3356 5036 3546 5097; x_wconf 80' lang='lat' dir='ltr'><strong>Dacie</strong></span> <span class='ocrx_word' id='word_1_405' title='bbox 3604 5042 3667 5096; x_wconf 89' lang='grc'><strong>61</strong></span> <span class='ocrx_word' id='word_1_406' title='bbox 3722 5035 4127 5098; x_wconf 86' lang='lat' dir='ltr'><strong>Gberardum</strong></span> 
     </span>
     <span class='ocr_line' id='line_1_52' title="bbox 772 5138 4125 5219; baseline 0 -18"><span class='ocrx_word' id='word_1_407' title='bbox 772 5141 1064 5201; x_wconf 89' lang='lat' dir='ltr'><strong>comitem</strong></span> <span class='ocrx_word' id='word_1_408' title='bbox 1111 5141 1460 5219; x_wconf 83' lang='lat' dir='ltr'><strong>Holtzacie,</strong></span> <span class='ocrx_word' id='word_1_409' title='bbox 1507 5149 1575 5201; x_wconf 92' lang='lat' dir='ltr'><strong>ut</strong></span> <span class='ocrx_word' id='word_1_410' title='bbox 1620 5140 1872 5201; x_wconf 89' lang='lat' dir='ltr'><strong>tutelam</strong></span> <span class='ocrx_word' id='word_1_411' title='bbox 1917 5147 2346 5217; x_wconf 86' lang='lat' dir='ltr'><strong>assumerent,</strong></span> <span class='ocrx_word' id='word_1_412' title='bbox 2406 5156 2697 5219; x_wconf 84' lang='lat' dir='ltr'><strong>rogasse,</strong></span> <span class='ocrx_word' id='word_1_413' title='bbox 2755 5140 2865 5201; x_wconf 88' lang='lat' dir='ltr'><strong>sed</strong></span> <span class='ocrx_word' id='word_1_414' title='bbox 2911 5140 3053 5200; x_wconf 88' lang='lat' dir='ltr'><strong>illos</strong></span> <span class='ocrx_word' id='word_1_415' title='bbox 3101 5140 3435 5219; x_wconf 85' lang='lat' dir='ltr'><strong>impeditos</strong></span> <span class='ocrx_word' id='word_1_416' title='bbox 3482 5156 3654 5218; x_wconf 85' lang='lat' dir='ltr'><strong>esse,</strong></span> <span class='ocrx_word' id='word_1_417' title='bbox 3720 5138 4125 5203; x_wconf 83' lang='lat' dir='ltr'><strong>Gberardum</strong></span> 
     </span>
    </p>
   </div>
  </div>
 </body>
</html>
