4275 5759
3455 218 3486 243 l

1314 378 1531 453 Kone
1586 377 1981 451 VALDEMAR
2038 380 2438 451 Amanum.
3407 385 3552 455 299

2411 510 3224 527 *ffl—

3690 550 3874 617 1352.

520 650 741 716 *2143
834 652 1117 733 Maerens,
1166 670 1269 715 rex
1319 654 1582 731 Sveciae,
1631 652 1953 730 Norvegioe
2002 662 2063 735 et
2108 655 2383 733 Scanioe,
2431 653 2864 730 recognoscit,
2915 670 2984 713 se
3033 653 3302 715 Hem-ico
3349 655 3561 715 comiti
3634 616 3684 707 1ss
3719 655 3959 718 Augusti.

250 757 509 817 Hoisatiae
557 761 619 817 et
664 755 1017 817 Stormariae
1078 761 1222 817 octo
1279 756 1471 817 millia
1526 772 1875 818 marcarum
1935 757 2194 833 debere,
2255 757 2330 818 de
2389 756 2618 835 quibus
2667 754 2832 817 1200
2888 755 2951 816 in
2999 755 3160 817 festo
3205 754 3267 815 b.
3315 754 3562 817 Martini

250 860 495 935 proxime
534 860 743 921 futuro
780 857 1255 935 Reisingborgis
1295 857 1605 919 solvendae
1652 860 1799 937 sint,
1847 858 1921 919 ad
1972 859 2137 937 quod
2186 865 2434 936 tempus
2481 863 2545 919 et
2588 857 2808 920 eodem
2855 857 2997 919 loco
3043 858 3259 919 litterae
3294 857 3559 937 publicae

249 962 309 1021 de
352 962 461 1022 bac
508 978 575 1022 re
623 961 837 1025 comiti
882 960 1276 1035 assignandae
1325 961 1471 1021 sint.
1522 994 1598 1005 —
1648 960 1991 1039 Bau-alcws,
2038 963 2103 1023 in
2151 962 2312 1023 festo
2359 978 2412 1023 s.
2457 961 2624 1024 Petri
2667 959 3020 1021 aduincula.

834 1060 1170 1127 Diplomatar.
1207 1061 1425 1126 Norveg.
1462 1061 1565 1113 Vll.
1603 1061 1859 1117 241—44.

522 1198 741 1264 *2149.
833 1198 1081 1262 ΡιΑΑυιτ
1138 1200 1159 1259 i
1217 1198 1445 1261 Lusscx
1514 1199 1786 1261 tilsikrer
1840 1198 2023 1277 Kong
2082 1200 2408 1261 valdemar
2463 1200 2530 1261 af
2578 1199 2890 1261 Danmark
2956 1199 3060 1259 frit
3114 1198 3300 1277 Lejde
3365 1199 3435 1261 til
3503 1205 3565 1261 at
3632 1201 3682 1254 9.
3719 1201 3958 1265 Ausutti·

248 1304 467 1365 homme
512 1303 577 1362 til
626 1301 855 1363 Staden
900 1302 1147 1363 i'l'iden
1192 1300 1369 1369 indtii
1414 1301 1945 1364 ferstkommende
1990 1301 2226 1365 Pintse.
2274 1338 2355 1349 -
2403 1303 2472 1365 ln
2518 1302 2724 1379 vigilia
2765 1301 2827 1363 b.
2873 1301 3202 1363 Laurencii
3250 1302 3538 1365 martiris.

3181 1403 3560 1483 (Plattydsk.)

838 1504 1173 1557 urkundenb.
1211 1505 1261 1557 d.
1291 1506 1442 1557 stadt
1470 1506 1683 1557 Lubock
1709 1506 1792 1557 ΙΙΙ.
1830 1506 2072 1561 139—40
2107 1506 2262 1573 (hvor
2295 1508 2464 1571 ttmgo
2497 1506 2696 1559 Udkast
2731 1506 2790 1557 tn
2827 1511 2878 1559 et
2914 1505 3176 1570 lignende,
3217 1519 3341 1557 men
3378 1505 3561 1558 udm-

836 1592 998 1655 ligere
1035 1590 1204 1657 Brev).
1279 1593 1519 1653 Manteis,
1558 1592 1770 1643 Lubeck
1805 1593 1915 1643 und
1951 1592 2223 1657 narqvard
2257 1606 2361 1645 von
2398 1594 2702 1646 wastenaco
2738 1591 2792 1643 S.
2822 1591 2906 1644 45.

528 1728 745 1793 *215st
836 1729 1069 1809 MAcur,
1128 1731 1393 1807 Swecie,
1450 1730 1769 1806 Norwegie
1816 1736 1877 1791 et
1923 1730 2150 1792 Scanie
2197 1732 2395 1808 regis,
2445 1730 2696 1808 litterae,
2747 1729 2973 1807 quibus
3020 1733 3377 1806 treugarum
3426 1730 3561 1793 dies
3632 1730 3684 1784 9.
3720 1732 3960 1795 Augusti.

248 1849 343 1910 per
384 1834 616 1911 legatos
664 1848 815 1893 suos
863 1848 1007 1894 cum
1054 1833 1424 1895 consulibus
1473 1834 1733 1894 civitatis
1783 1816 2153 1895 Lubicensis
2202 1833 2516 1895 ordinatas
2563 1832 2886 1913 approbat,
2935 1832 3019 1893 ita
3063 1837 3125 1893 ut
3173 1832 3562 1896 Lubicenses

248 1935 593 2013 swechiam,
666 1935 1049 2011 Norwegiam
1117 1954 1189 1998 ac
1259 1937 1543 1998 Scaniam
1616 1952 1837 1998 secure
1907 1937 2152 1998 visitare
2221 1938 2489 2015 possint.
2561 1969 2638 1979 —
2711 1935 2777 1996 ln
2845 1935 3049 2011 vigilia
3117 1934 3176 1996 b.
3233 1934 3564 1997 Laurencii

248 2038 489 2099 martiris
530 2038 811 2115 gloriosi.
2395 2102 2400 2109 ,

832 2138 1127 2199 Sertorius,
1178 2140 1351 2191 Gescb
1413 2139 1461 2191 d.
1499 2139 1700 2201 nanee,
1749 2140 1828 2191 ed.
1866 2140 2206 2205 Lappenberg
2257 2139 2314 2190 ΙΙ.
2363 2138 2620 2193 422-23.
2700 2138 3040 2191 urkundenb.
3078 2138 3127 2189 d.
3167 2138 3317 2191 Stadt
3350 2138 3566 2191 Lubeck

834 2224 917 2276 111.
956 2223 1207 2279 138-39.

522 2363 743 2429 *2151.
834 2362 1068 2424 Udkast
1132 2364 1196 2423 til
1258 2363 1435 2438 Kong
1491 2364 1850 2426 vannius
1908 2363 2246 2442 Lejdebrev
2303 2364 2399 2425 t'or
2457 2363 2860 2427 Lubeckerne
2917 2362 2984 2423 til
3052 2369 3113 2424 at
3180 2363 3426 2423 komme
3492 2362 3562 2424 til
3599 2362 3657 2414 G.
3690 2363 3738 2417 9.
3764 2364 4005 2428 Augusti.

246 2462 529 2528 Danmark
575 2467 594 2525 i
640 2465 837 2527 Tiden
884 2466 1059 2527 indtit
1104 2466 1639 2527 ferstkommende
1686 2466 1918 2529 Pintse.
1972 2502 2041 2511 --
2094 2465 2269 2528 Uden
2316 2469 2436 2529 Aar
2482 2483 2564 2543 og
2610 2466 2760 2542 Dag.
3183 2463 3561 2543 (Plattydsk.)

831 2566 1173 2620 urkundenb.
1212 2567 1261 2619 d.
1299 2566 1450 2621 stadt
1484 2568 1698 2620 Lubeck
1736 2568 1817 2620 ΙΙΙ.
1858 2568 1971 2622 140.

528 2703 747 2769 *2152
838 2704 1199 2780 Registrum
1247 2722 1514 2768 ςΑΡιτυιι
1562 2707 2077 2769 Βοιιιιςενιεειεειε.
2126 2740 2208 2751 -
2257 2705 2460 2783 (Circa
2503 2707 2729 2767 festum
2778 2705 3230 2784 assumptionis
3274 2703 3526 2779 Marioe).
3597 2704 4009 2771 c.15.August1.

835 2807 1130 2871 Langebek,
1170 2807 1418 2871 Scriptor.
1456 2822 1557 2860 rer.
1596 2807 1832 2859 Danicar.
1873 2807 1951 2858 vl.
1988 2806 2242 2862 574—85.

527 2943 746 3007 *2153
837 2944 1161 3023 JonAMRS,
1205 2944 1487 3007 flumineos
1536 2952 1597 3008 et
1629 2945 1956 3024 Nummus,
2008 2945 2319 3008 Hoitzacie
2367 2952 2428 3006 et
2463 2944 2798 3005 Stormarie
2837 2946 3122 3022 comites,
3171 2945 3559 3025 promittunt,
3631 2944 3717 2998 29·
3753 2946 3999 3009 Ausum.

247 3060 323 3121 se,
367 3048 412 3107 si
452 3036 687 3107 bellum
734 3047 896 3107 inter
930 3046 1226 3123 Magnum
1274 3046 1517 3128 Suecie,
1566 3048 1890 3124 Norwegie
1936 3066 2008 3109 ac
2050 3048 2274 3110 Scanie
2321 3065 2532 3124 regem
2580 3053 2641 3109 et
2687 3049 2994 3108 civitatem
3035 3047 3450 3109 Lubicenscm
3497 3048 3561 3108 in

244 3146 470 3211 biennio
515 3150 725 3211 futuro
774 3153 977 3211 ortum
1026 3150 1137 3229 sit,
1196 3152 1331 3229 ejus
1379 3151 1823 3231 compositioni
1869 3167 2119 3230 operam
2168 3150 2426 3211 daturos
2476 3167 2641 3211 esse.
2693 3183 2767 3192 —
2822 3147 3078 3228 Lubeke,
3138 3148 3236 3210 die
3284 3148 3558 3211 decolla-

245 3250 419 3313 cionis
465 3252 527 3314 b.
576 3251 881 3313 Iohannis
928 3251 1215 3329 baptiste.

835 3351 1171 3406 Urkundenb.
1211 3354 1261 3405 d.
1302 3353 1449 3407 stadt
1486 3354 1699 3405 Lubeck
1736 3352 1815 3405 111.
1854 3354 1970 3408 142.

522 3471 741 3537 *2154
832 3473 1081 3536 Hznruci
1141 3476 1423 3555 episcopi
1479 3473 1917 3536 Roskildensis
1976 3476 2192 3535 titterae
2254 3474 2331 3536 de
2401 3474 2747 3536 scotatione
2809 3472 3190 3552 quarundam
3250 3474 3560 3537 curiarum
3629 3477 3678 3531 5.
3718 3479 3923 3542 septbr.

244 3572 625 3637 [lamensium
673 3575 748 3637 ab
797 3576 1088 3638 Katerina
1132 3593 1324 3639 uxore
1372 3577 1683 3654 qnondam
1733 3577 1993 3638 Gotfridi
2041 3577 2118 3638 de
2167 3578 2368 3656 Vnna,
2418 3577 2692 3638 Gerardo
2741 3576 2887 3653 (filio
2935 3582 3172 3651 eorum)
3220 3582 3282 3638 et
3325 3578 3560 3640 Jacobo

242 3674 654 3755 Thythebergh
705 3685 764 3741 et
801 3680 1212 3741 Hennechino
1252 3679 1530 3741 Stenwek
1582 3680 1914 3742 heredibus
1962 3680 2304 3741 eorundem
2344 3680 2418 3740 ad
2467 3680 2656 3741 altare
2705 3682 3081 3754 (sanctorum
3129 3679 3558 3759 apostolorum

242 3778 295 3837 in
336 3782 615 3855 ecclesia)
660 3780 855 3843 heatae
907 3782 1173 3858 Virginis
1212 3781 1429 3842 Hafnis
1477 3782 1551 3844 de
1598 3799 1760 3844 novo
1808 3788 2240 3844 constructum
2287 3783 2467 3843 facta.
2505 3816 2590 3827 —
2625 3782 2866 3860 Hafnis,
2916 3783 3131 3860 quinta
3177 3782 3273 3843 die
3321 3784 3560 3845 mensis

242 3880 623 3961 Septembris.
2158 3969 2161 3971 ,

834 3984 1077 4047 nardum,
1114 3984 1485 4047 Klabenhavns
1523 3988 1703 4039 Kirker
1739 4000 1804 4052 og
1842 3986 2097 4059 Klostere,
2134 3984 2253 4037 Tul.
2291 3987 2343 4038 S.
2377 3985 2596 4040 14-15.

520 4106 740 4170 *2155
830 4106 1196 4169 limant-rus
1241 4106 1546 4185 Kimpsos,
1596 4109 1925 4186 praefectus
1973 4108 2218 4186 Scanie,
2275 4106 2350 4201 ad
2396 4106 2758 4201 advocatum
2809 4106 3225 4169 Sundensium
3285 4109 3347 4168 in
3395 4124 3555 4169 nun·
3629 4110 3712 4164 26.
3752 4110 3956 4174 septbr.

239 4204 385 4268 dinis
422 4208 863 4271 Falsterbothae
907 4216 1395 4272 commorantem
1446 4211 1683 4290 scribit,
1732 4229 1801 4274 se
1848 4210 1945 4273 die
1992 4212 2266 4272 crastina
2311 4215 2373 4272 et
2419 4216 2591 4271 sexta
2636 4210 2786 4271 feria
2831 4208 3254 4287 subsequente
3301 4212 3364 4270 in
3400 4210 3558 4272 Mal-

240 4311 461 4387 meghae
505 4318 893 4374 moraturum
940 4328 1106 4391 esse,
1152 4318 1222 4374 ut
1267 4314 1509 4393 injuriis
1557 4316 1693 4392 ejus
1740 4313 2105 4376 concivibus
2155 4320 2217 4375 et
2260 4312 2396 4374 aliis
2431 4311 2615 4374 illatis
2663 4318 2974 4375 occurrat.
3009 4348 3094 4357 —
3132 4314 3364 4390 Quarta
3407 4313 3561 4373 feria

238 4418 361 4475 ante
404 4414 752 4494 Michaelis,
800 4416 937 4477 sine
982 4432 1169 4477 anno.

832 4516 1217 4570 nantel-ecesse
1251 4518 1287 4569 1.
1327 4517 1445 4573 120.

522 4636 742 4702 *2156.
836 4636 1112 4719 Genusus
1138 4636 1349 4713 (Vltus)
1374 4655 1555 4719 papa,
1585 4644 1839 4716 rogatus
1881 4656 1918 4701 a
1941 4638 2227 4700 Iohanne
2255 4638 2617 4717 Guilaberti,
2643 4640 2862 4700 nuntio
2900 4638 3070 4700 sedis
3106 4638 3466 4718 apostolicae
3493 4639 3557 4697 in
3625 4641 3709 4695 21.
3748 4641 3959 4693 octobr.

240 4736 441 4819 Dacia,
502 4741 719 4802 Svecia
774 4747 837 4802 et
878 4739 1217 4820 Norvegia,
1276 4741 1595 4803 Bernardo
1644 4742 2095 4821 Bar-tholomei,
2155 4742 2386 4804 clerico
2432 4742 2869 4820 Avinionensi,
2930 4741 3007 4802 de
3067 4741 3439 4802 canonicatu
3496 4746 3559 4802 et
3660 4790 3668 4797 .

242 4842 567 4916 praebendae
624 4844 907 4906 ecclesiae
956 4842 1342 4922 hundensis,
1400 4843 1761 4906 vacantibus
1820 4847 1884 4906 in
1931 4844 2216 4906 Romana
2273 4847 2444 4907 curia
2501 4862 2611 4924 per
2667 4845 3207 4906 consecrationem
3255 4842 3557 4921 Nicholay

240 4940 456 5006 Marchi
500 4947 786 5027 episcopi
828 4944 1269 5026 Lincopensis,
1315 4945 1615 5027 providet.
1654 4982 1739 4993 —-
1774 4948 2083 5027 Avinrmae,
2132 4947 2258 5009 xli.
2307 4949 2425 5011 kal.
2474 4947 2864 5027 Novembris,
2912 4946 3312 5026 pontificatus
3358 4946 3556 5008 nostri

239 5061 384 5109 anno
427 5049 782 5112 undecimo.

831 5150 949 5202 udt.
988 5152 1005 5201 Ι
1044 5150 1380 5215 Dlpiomstar.
1418 5152 1635 5215 Narveg.
1677 5151 1754 5202 vt.
1792 5152 1908 5205 249.

3042 5268 3143 5328 88⁴¹
