4275 5759
1376 366 1595 442 Kone
1646 367 1839 440 Eam
1890 367 2227 440 MENVED.
3319 371 3460 443 109

3587 535 3750 601 1287
3759 584 3773 597 .

464 644 643 712 1385.
734 653 961 714 Turni:
1020 645 1167 708 Sine
1214 661 1401 706 anno.
3531 637 3616 693 21.
3653 639 3893 702 Augusti.

732 748 1073 800 urkundenb.
1119 747 1165 798 d.
1206 747 1356 800 Stadt
1390 747 1603 799 Lubeck
1646 747 1681 798 1.
1730 743 1969 799 477—78
2014 743 2168 809 (hvor
2211 746 2424 798 beufort
2465 747 2527 798 til
2567 745 2743 803 1288).
2828 745 3032 808 Bunge,
3083 745 3238 806 Live,
3283 746 3460 798 Est-h·-

735 848 787 885 u.
826 833 1241 885 Curlandisches
1275 833 1612 885 Urkundenb.
1654 834 1688 883 Ι.
1728 830 1987 886 648—49.
2061 831 2160 882 Om
2196 837 2350 884 Aaret
2380 833 2498 894 Jvsr.
2536 831 2853 883 Hanstsches
2888 830 3224 885 Urkundenb.
3264 831 3299 882 1.
3343 831 3462 886 359.

738 919 1121 984 Fuldstaendigt
1155 919 1351 970 sikkert
1388 933 1444 970 er
1481 920 1568 971 det
1604 918 1703 982 dog
1740 919 1954 969 maaskc
1994 931 2192 982 naeppe.
2233 925 2286 970 at
2322 920 2507 970 Brevet
2543 919 2660 969 ikke
2694 917 2851 968 horel·
2887 917 2947 968 tn
2985 915 3135 970 1288.

474 1038 645 1104 *624
738 1039 1110 1102 Protestatio
1162 1040 1513 1106 (consulum
1564 1039 2139 1114 Rosrocxisusmn),
2202 1039 2367 1117 quod
2415 1039 2584 1118 Eyko
2639 1039 3099 1100 restitutionem
3156 1040 3459 1116 pecuniae,
3532 1032 3616 1086 24-
3656 1031 3859 1097 septbr.

176 1159 325 1219 quam
370 1159 476 1222 pro
521 1143 761 1204 honore
808 1149 869 1204 et
905 1144 1047 1221 jure
1095 1143 1501 1219 burgensium
1546 1142 1714 1204 Nore
1762 1149 2074 1220 tempore,
2138 1159 2263 1219 quo
2313 1140 2396 1202 ibi
2453 1149 2626 1204 esset
2684 1140 3054 1220 advocatus,
3115 1157 3461 1220 consump-

176 1246 349 1323 sisset,
390 1245 773 1307 renuntiavit.
818 1278 905 1289 --
950 1245 1273 1322 (Rostock),
1320 1245 1600 1323 proxima
1646 1251 1861 1322 quarta
1905 1245 2058 1306 feria
2103 1250 2248 1324 post
2291 1245 2574 1306 Mauricii
2622 1251 2684 1306 et
2729 1245 3045 1306 sociorum
3094 1245 3250 1322 ejus.

739 1346 1255 1409 Meklenhurglsches
1293 1347 1632 1398 Urkundenh.
1671 1347 1753 1398 ΙΙΙ.
1790 1346 2045 1401 277-78,

465 1466 630 1532 1387
641 1513 655 1528 ‚
744 1465 921 1518 Dansk
957 1466 1137 1518 Overs.
1174 1469 1192 1517 1
1234 1468 1581 1524 Rasmussen.
1622 1467 1832 1531 Oplysn.
1870 1466 2067 1518 betraes.
2107 1465 2438 1530 Rudkjebing
2477 1465 2528 1518 S.
2565 1465 2787 1521 37—38.
3529 1459 3612 1512 29.
3651 1461 3854 1524 septbr.
3896 1427 3904 1434 ἡ

476 1585 651 1652 *625
741 1585 993 1649 Nicoma!
1044 1589 1323 1667 episcopi
1372 1588 1817 1665 Burglanensis
1865 1587 2158 1668 diploma,
2208 1605 2331 1665 quo
2379 1588 2704 1666 omnibu8‚
2767 1588 2869 1664 qui
2918 1602 3030 1665 pro
3078 1586 3456 1648 monasterio
3529 1580 3575 1633 1·
3617 1580 3826 1631 octobr.

180 1687 325 1750 Rene
366 1706 607 1752 manum
656 1689 1019 1769 adjutricem
1067 1691 1457 1770 porrexerint
1500 1696 1607 1752 aut
1652 1708 1725 1752 ex
1772 1690 2099 1752 devotione
2145 1689 2224 1750 ad
2269 1691 2476 1769 ipsum
2522 1690 2730 1752 locum
2778 1691 2839 1749 in
2876 1689 3054 1750 festis
3096 1687 3462 1766 quibusdam

176 1795 537 1870 accesserint,
605 1791 1053 1870 indulgentiam
1112 1792 1418 1870 quandam
1478 1793 1799 1869 concedit,
1856 1794 1943 1878 ita
1998 1799 2240 1871 tamen,
2301 1799 2368 1854 ut
2411 1791 2921 1869 Raceburgensis
2969 1791 3250 1870 episcopi
3308 1807 3463 1854 con-

178 1909 367 1954 sensus
407 1897 766 1956 accesserit.
817 1927 894 1938 —
944 1895 1159 1974 Lucae,
1208 1897 1271 1956 in
1319 1895 1417 1956 die
1462 1895 1625 1957 beati
1674 1895 1964 1972 Remigii.

738 1997 1253 2062 Heklenburglsches
1289 1998 1627 2050 Urkundenh.
1665 1997 1749 2051 111.
1785 1997 2039 2052 278—79.
2100 1997 2108 2006 '

478 2115 653 2180 *626.
742 2117 1167 2180 WALouAaes
1226 2118 1347 2180 dux
1408 2118 1721 2181 Danorum
1784 2123 2001 2180 notum
2065 2119 2243 2196 facit,
2309 2135 2378 2180 se
2432 2117 2762 2180 Helmoldo
2823 2117 3036 2180 comiti
3091 2115 3468 2178 Zwerinensi
3535 2111 3619 2165 30-
3659 2112 3848 2163 Novhr.

188 2233 429 2280 sororem
474 2236 649 2282 suam
694 2219 1105 2298 Margaretam
1154 2221 1489 2297 legitimam
1536 2221 1599 2282 in
1646 2239 1899 2284 uxorem
1949 2219 2199 2282 dedisse
2238 2221 2417 2299 eique
2466 2222 2676 2286 omnia
2709 2221 2873 2282 bona
2918 2221 3116 2298 ipsam
3163 2220 3226 2280 in
3274 2235 3468 2296 regno

180 2317 339 2382 Dacie
368 2323 501 2399 jure
544 2322 921 2383 hereditario
969 2323 1397 2398 contingentia
1441 2324 1533 2384 vel
1574 2323 1697 2387 duo
1735 2325 1925 2385 millia
1968 2340 2316 2386 marcarum
2358 2325 2752 2401 assignasse;
2799 2323 3104 2402 promittit
3147 2328 3466 2401 praeterea,

182 2439 237 2480 se
278 2425 327 2483 ei
366 2432 573 2486 contra
618 2441 1026 2502 quascunque
1072 2441 1379 2504 personas
1426 2431 1651 2505 praeter
1693 2442 1905 2503 regem
1954 2427 2168 2506 Dacie,
2218 2443 2428 2503 regem
2481 2426 2712 2488 Swecie
2760 2431 2821 2488 et
2863 2427 3210 2505 principem
3256 2423 3464 2502 Ruya-

182 2539 367 2586 norum
402 2527 755 2604 juvaturum
803 2543 967 2588 esse.
1018 2561 1097 2571 —-
1146 2527 1361 2606 Lybelc,
1409 2528 1507 2588 die
1554 2529 1718 2598 beati
1764 2529 2009 2590 Andree
2054 2528 2346 2609 apostoli.

746 2628 1055 2691 Michelsen,
1120 2629 1711 2693 Urkundensammlung
1774 2629 1810 2680 1.
1873 2629 2127 2684 515—16.
2246 2629 2762 2694 Meklenhurglsches
2815 2628 3154 2682 Urkundenh.
3209 2630 3291 2680 ln.
3346 2627 3466 2683 284.

750 2713 959 2765 Brudst.
998 2728 1061 2779 og
1097 2715 1248 2779 tydsk
1282 2715 1399 2767 Udt.
1437 2717 1455 2766 ί
1493 2715 1781 2775 Fabricius,
1818 2715 2053 2767 Urkund.
2092 2731 2135 2766 z.
2175 2715 2363 2768 Gesch.
2403 2715 2616 2780 Rfigens
2653 2716 2734 2776 lv,
2773 2715 2820 2770 1.
2860 2717 2911 2766 S.
2947 2715 2996 2768 5.

476 2833 656 2900 1388,
746 2833 1084 2900 Lagerbring,
1125 2833 1258 2886 Svea
1292 2835 1449 2886 lees
1489 2835 1619 2888 Hist.
1656 2835 1715 2888 11.
1755 2835 1871 2890 740.
3533 2833 3582 2886 6.
3621 2831 3803 2882 Deobr.

482 2954 655 3020 *62⁵2.
746 2957 941 3018 Actias
977 2956 1193 3033 regina
1227 2955 1538 3036 prohibet,
1584 2973 1665 3018 ne
1703 2958 1843 3034 quis
1883 2973 2071 3033 agros
2110 2957 2473 3018 monasterii
2506 2955 2672 3018 Petri
2696 2955 3166 3018 Nestvediensis
3202 2961 3472 3035 occupet

194 3054 267 3114 vel
309 3055 477 3118 silvas
520 3057 819 3120 succidat.

747 3159 862 3211 Udt.
899 3163 918 3210 i
954 3159 1245 3225 Langebek,
1284 3161 1535 3224 scriptor.
1572 3174 1671 3212 rer.
1710 3159 1946 3212 Danlcar.
1987 3161 2063 3213 w.
2102 3160 2206 3216 341
2237 3174 2300 3224 og
2337 3163 2356 3210 i
2384 3160 2722 3225 Programma
2758 3159 2953 3211 scholae
2983 3160 3306 3211 Herlovianae
3335 3159 3470 3212 1784

752 3247 806 3296 S.
843 3244 960 3299 136.

492 3365 661 3430 *628.
752 3365 989 3443 Hertug
1031 3367 1361 3429 Vsnnusa
1414 3365 1481 3427 af
1525 3365 1995 3446 Senderjylland
2052 3367 2345 3446 forbyder
2400 3367 2518 3429 alle
2577 3365 2968 3444 Fremmede,
3028 3383 3164 3428 som
3223 3367 3468 3426 homme

186 3461 239 3522 til
278 3463 629 3546 Langeland,
677 3485 795 3548 paa
838 3485 1046 3546 nogen
1092 3467 1309 3530 Maade
1355 3475 1418 3530 at
1462 3469 1762 3530 forurette
1808 3468 2210 3548 Rudkjehing
2257 3469 2644 3549 lndbyggere
2691 3468 2804 3530 ved
2851 3468 3007 3548 Kjob
3056 3486 3137 3547 og
3184 3469 3344 3546 Salg.
3387 3503 3470 3513 —

188 3563 485 3642 Tranelcjoer
521 3570 663 3632 stoc.

755 3672 870 3724 Udt.
910 3674 928 3723 i
963 3671 1308 3731 Rasmussen,
1346 3672 1556 3738 oplysn.
1595 3673 1797 3726 betroet.
1835 3673 2167 3738 Rudkjebing
2206 3673 2257 3725 S.
2293 3673 2377 3728 36.

1682 3901 1933 3986 1288.
3599 3894 3780 3961 1288.

492 4047 648 4113 1389
692 4065 763 4111 se
806 4047 985 4112 *615.
3537 4049 3587 4106 2.
3624 4049 3836 4102 Ianuar.

497 4167 666 4232 *629.
760 4167 1149 4248 Compositio
1195 4168 1271 4230 ab
1317 4170 1582 4233 Joussns
1627 4169 1795 4233 dicto
1842 4169 2033 4248 Unus,
2080 4169 2324 4233 [Issou
2362 4169 2680 4248 inensem,
2728 4171 2993 4240 Joumm
3039 4173 3468 4236 Gosrusttsen
3539 4170 3620 4224 11.
3657 4165 3790 4230 Man.

194 4271 241 4326 et
276 4268 465 4334 omo
510 4270 671 4332 Diis.
719 4271 880 4331 inter
924 4273 1272 4334 monachos
1316 4273 1467 4335 Loci
1517 4273 1628 4334 Dei
1681 4279 1743 4334 et
1788 4289 2344 4353 compossessores
2400 4273 2474 4336 de
2523 4273 2809 4335 Kumleth
2870 4276 3079 4336 marck
3124 4275 3200 4336 de
3246 4292 3468 4338 mona-

194 4370 419 4433 chorum
474 4373 707 4434 Ornum
776 4378 839 4433 et
902 4389 1493 4453 compossessorum
1552 4375 2029 4440 Marckeschiell
2096 4377 2278 4438 facta.
2339 4411 2424 4420 —
2489 4375 2696 4438 Tertia
2761 4377 2914 4438 feria
2977 4377 3138 4439 infra
3191 4382 3465 4439 octavam

194 4471 497 4551 dominitcae
509 4479 555 4550 ἲ)
598 4476 1003 4536 ascentionis.

759 4581 1053 4645 Langebek,
1091 4581 1339 4646 Scriptor.
1376 4594 1477 4634 rer.
1514 4581 1751 4633 Danlcar.
1788 4580 1915 4633 vm.
1952 4581 2067 4635 109.

498 4700 669 4766 *630.
760 4702 1182 4765 Wscnmuaus
1244 4701 1365 4766 dux
1420 4705 1598 4767 Jutiae
1660 4703 2186 4780 compositionem
2242 4705 2406 4764 inter
2464 4703 2810 4765 monachos
2868 4703 2944 4764 de
3001 4703 3169 4766 Loco
3233 4703 3342 4765 Dei
3409 4709 3470 4764 et
3537 4698 3618 4754 13·
3657 4699 3789 4762 ⁸⁸11·

196 4811 559 4874 possessores
602 4804 679 4866 de
714 4803 1001 4867 Kunlaeth
1050 4822 1241 4886 super
1286 4806 1653 4885 quibusdam
1690 4807 1871 4866 terris
1912 4806 2364 4868 monachorum
2414 4807 2690 4885 ipsorum
2731 4806 2970 4868 Ornum
3015 4805 3198 4867 dictis
3243 4805 3466 4866 factam

195 4907 499 4972 confirmat.
547 4943 624 4956 -
672 4906 905 4969 Octava
948 4909 1351 4970 ascentionis.

760 5010 1056 5074 Langebek,
1094 5011 1340 5076 Scriptor.
1377 5025 1478 5063 rer.
1517 5010 1754 5063 Danlcar.
1791 5009 1916 5061 vm.
1955 5009 2241 5065 108—109.

492 5131 672 5198 1396,
764 5131 1018 5196 nyther&
1056 5132 1276 5196 Sverges
1311 5131 1581 5184 Traktater
1618 5132 1655 5183 1.
1692 5129 1980 5186 299—300.
2051 5131 2170 5183 Udt.
2207 5135 2222 5182 1
2261 5130 2506 5193 Porthan,
2543 5132 2787 5184 Accessio
2825 5133 2876 5184 S.
2914 5131 3132 5186 61—62.
3537 5129 3619 5184 21.
3657 5129 3788 5192 Mali.
