4275 5759
451 511 641 577 1342.

768 346 916 417 260
1872 333 2085 413 Kone
2147 331 2538 404 VALDEMAR
2593 332 2990 403 Arrennac.

764 616 1075 697 promissa
1100 632 1235 694 sua,
1268 614 1614 677 cristoforo
1653 628 1798 687 rege
1822 609 2015 672 Dacie
2048 627 2080 669 e
2122 625 2318 687 regno
2359 607 2639 687 expulso,
2677 604 2838 683 data,
2877 606 3045 668 cives
3082 604 3158 667 de
3179 605 3499 669 Rozstoch
3535 607 3598 667 in
3626 624 3886 685 regnum
3913 607 4105 669 Dacie

764 719 1083 805 venientes
1142 720 1605 799 captivaverunt
1662 714 1953 791 bonaque
2012 728 2228 774 eorum
2291 711 2733 791 spoliaverunt.
2799 743 2866 753 -
2919 708 3236 787 Rozstoclt,
3295 710 3356 769 in
3414 710 3692 789 profesto
3747 709 3810 771 b.
3861 710 4105 773 Nicolai

636 844 646 854 ·
709 867 718 876 .
766 822 1048 902 episcopi
1096 826 1158 881 et
1202 821 1613 883 confessoris.

353 1118 369 1136 '
388 1114 473 1167 21.
511 1113 695 1165 Deobr.

387 1716 471 1769 24.
510 1716 697 1767 Decbr.

468 2228 653 2283 Decbr.

469 2621 651 2672 Dscbr.

450 3712 656 3778 1342?

466 4446 655 4512 1343.

412 4616 460 4669 2.
498 4616 711 4670 lanuar.

1382 919 1718 973 urkundenb.
1767 917 1814 968 d.
1867 917 2017 969 Stadt
2038 872 2276 1001 ‘Lubeck
2321 916 2382 967 11.
2430 913 2682 969 705—12.
2775 912 3286 977 Meklenburgiscbes
3332 914 3672 966 urkundenb.
3715 915 3796 966 lx.
3845 914 4105 969 421—28.

1381 1005 1689 1069 Brudstykk.
1727 1006 1744 1054 t
1782 1003 1840 1054 Ο.
1873 1002 2105 1064 Nlelsen,
2145 1002 2514 1063 Klabenhavns
2552 1000 2986 1064 Dlplomatarium
3023 1000 3060 1051 1.
3097 999 3318 1055 82-83.

988 1092 1017 1104 ⁰
1070 1110 1289 1176 *1829.
1383 1094 1698 1173 Consumit
1764 1106 2260 1168 Rozsroxssssnml
2330 1104 2407 1165 ad
2476 1103 2773 1165 consules
2843 1104 2904 1162 in
2964 1102 3212 1165 Lubeke
3269 1104 3517 1181 litteroe,
3586 1104 3812 1182 quibus
3879 1103 3956 1165 ab
4027 1106 4106 1165 iis

765 1218 1007 1294 petunt,
1045 1218 1115 1276 ut
1150 1211 1515 1276 concivibus
1553 1211 1708 1287 suis,
1745 1209 2017 1271 Iohanni
2053 1214 2115 1270 et
2136 1208 2495 1269 Hermanno
2522 1206 2860 1269 Wokrente
2898 1212 3081 1283 atque
3117 1206 3414 1267 Henneke
3447 1205 3688 1285 Boi-nit,
3724 1207 3880 1269 duas
3913 1207 4107 1268 lastas

766 1318 1091 1395 allecium,
1152 1316 1227 1377 ab
1288 1315 1491 1377 classe
1541 1313 1879 1375 Lubicensi
1937 1315 2184 1391 captae,
2244 1312 2605 1387 restituant,
2671 1326 2857 1387 quum
2909 1310 3039 1384 jam
3098 1315 3241 1372 ante
3298 1317 3544 1390 tempus
3602 1311 3982 1389 prohibitum
4044 1312 4106 1370 in

766 1424 933 1483 terra
979 1419 1245 1483 Schanie
1294 1419 1537 1481 salsatae
1586 1417 1731 1478 sint.
1786 1450 1857 1460 -
1907 1414 1976 1476 ln
2024 1414 2121 1476 die
2169 1413 2230 1474 b.
2278 1413 2517 1475 Thome
2563 1411 2851 1493 apostoli.

1381 1518 1721 1572 urkundenb.
1771 1517 1819 1569 d.
1866 1516 2017 1569 Stadt
2058 1516 2273 1568 Lubeek
2316 1516 2378 1567 ΙΙ.
2428 1514 2544 1569 714.
2627 1513 2758 1579 mpl.
2797 1513 3044 1573 Svecan.,
3091 1514 3171 1565 ed.
3221 1516 3273 1567 Β.
3301 1514 3360 1565 E.
3390 1514 3708 1567 Hildebrand
3751 1514 3806 1566 V.
3849 1515 4108 1570 139—40.

1382 1604 1899 1667 neklenburgisenes
1934 1602 2276 1656 urkundenb.
2313 1601 2396 1653 tx.
2433 1600 2552 1655 434.

1072 1710 1291 1777 *183st
1385 1709 1701 1774 Cousunun
1758 1707 2258 1770 Rozsroxansiun
2327 1704 2404 1792 ad
2471 1703 2770 1767 consules
2835 1706 2900 1765 in
2968 1703 3216 1766 Lubeke
3285 1706 3532 1783 litterae,
3601 1706 3827 1785 quibus
3893 1706 3972 1767 ab
4031 1707 4108 1766 iis

766 1823 1017 1896 petunt,
1088 1821 1156 1877 ut
1223 1811 1585 1875 concivibus
1656 1812 1791 1873 suis
1850 1807 2035 1871 Petro
2102 1808 2494 1887 Bro'tbagen,
2563 1805 2959 1869 Godschalco
3026 1806 3294 1869 Vridach
3365 1824 3436 1871 ac
3505 1809 3760 1871 Nicolao
3829 1808 4108 1884 Wegher

769 1923 1059 1997 quattuor
1103 1917 1295 1984 lastas
1341 1921 1406 1979 et
1446 1914 1603 1977 duas
1648 1919 1878 1975 tunnas
1922 1911 2210 1974 allecium
2231 1958 2246 1989 ,
2303 1909 2380 1972 ab
2429 1910 2770 1990 capitaneis
2817 1907 3040 1970 classis
3087 1910 3399 1971 civitatum
3447 1917 3692 1990 captas,
3751 1912 4106 1987 restituant,

768 2039 959 2100 quum
996 2038 1103 2085 eas
1139 2025 1282 2082 ante
1313 2025 1560 2097 tempus
1596 2014 1978 2095 prohibitum
2015 2016 2077 2074 in
2113 2017 2279 2075 terra
2303 2013 2568 2075 Schanie
2609 2011 2994 2073 salsaverint.
3030 2046 3094 2055 —
3135 2011 3200 2072 ln
3236 2014 3439 2089 vigilia
3476 2016 3804 2076 nativitatis
3828 2014 4106 2076 Domini.

1377 2116 1720 2175 urkundenb.
1759 2117 1809 2168 d.
1846 2115 1997 2168 stadt
2029 2115 2245 2167 Lubock
2281 2115 2342 2167 ll.
2381 2113 2636 2169 714—15.
2711 2113 3222 2177 Meklenburglsehes
3259 2114 3594 2167 urkundenb.
3635 2116 3712 2167 lX.
3751 2115 3870 2170 434.

1076 2224 1291 2290 *1831.
1384 2222 1788 2302 Querimonie
1850 2221 2180 2282 consulum
2243 2225 2304 2281 et
2368 2218 2788 2281 universitatis
2858 2220 3124 2279 civitatis
3171 2192 3598 2282 'Salassus-n
3667 2219 3743 2282 de
3797 2218 3986 2282 bonis
4047 2222 4110 2279 in

768 2328 1154 2391 districtibus
1213 2328 1459 2390 comitis
1505 2324 1810 2388 Iohannis
1868 2321 1945 2384 de
1992 2322 2343 2401 Holtzacia‚
2408 2327 2470 2383 et
2525 2323 2588 2383 in
2633 2322 2951 2384 Holtzacia
3006 2327 3069 2383 et
3123 2322 3187 2382 in
3234 2322 3460 2401 Dama,
3518 2322 3758 2385 ablatis.
3820 2358 3894 2367 —
3959 2324 4110 2383 sine

768 2447 932 2493 anno
981 2439 1041 2493 et
1086 2431 1207 2493 dle·
1380 2511 1722 2565 urkundenb.
1743 2510 1793 2562 d.
1815 2510 1965 2563 stadt
1982 2509 2196 2562 Lubeck
2213 2509 2274 2561 ΙΙ.
2295 2508 2584 2564 1014-16.
2652 2509 2708 2561 Ο.
2730 2509 2958 2569 Nlelsen,
2983 2509 3350 2571 Kjflbenhffifflss
3369 2509 3802 2573 DlPl⁰m⁸t⁸r¹¹¹m
3823 2510 3857 2561 ¹·
3877 2509 4008 2565 33*
4017 2510 4108 2565 84·

1076 2617 1293 2683 *1832
1386 2616 1707 2679 Eknomos
1776 2614 2151 2692 Klageskrift
2216 2614 2360 2676 mod
2429 2614 2504 2675 de
2575 2612 2937 2675 holstenske
2999 2614 3258 2689 Grever,
3328 2613 3500 2674 hvori
3569 2614 3829 2675 omtales
3885 2614 4107 2692 Fugle,

769 2718 977 2801 kjebte
1022 2724 1043 2782 i
1091 2719 1605 2797 Hertugdemmet
1650 2717 1889 2794 slesvig
1934 2718 2000 2779 as
2037 2716 2416 2779 Falkeneren
2463 2716 2782 2796 AEgidius,
2833 2733 2912 2795 og
2959 2716 3322 2777 holstenske
3372 2715 3670 2793 Riddere,
3719 2734 3855 2777 som
3903 2716 4106 2793 droge

770 2825 911 2887 med
958 2827 1116 2887 Grev
1164 2826 1315 2887 Gert
1357 2822 1425 2883 til
1473 2820 1803 2882 Danmark.
1864 2856 1922 2865 -·-
1982 2820 2156 2882 Uden
2202 2822 2324 2882 Aar
2368 2836 2448 2896 og
2496 2820 2648 2896 Dag.
3725 2818 4114 2897 (Plattydsk.)

1386 2922 1725 2976 urkundenb.
1764 2923 1813 2973 d.
1853 2920 2003 2974 Stadt.
2036 2921 2251 2975 Lubeck
2287 2922 2364 2971 tv,
2401 2920 2622 2976 29—34.

1079 3026 1297 3095 *1833
1390 3027 1591 3104 Perat,
1639 3025 1993 3089 Lundensis
2040 3024 2522 3105 archiepiscopi,
2569 3024 2645 3087 ad
2694 3024 2989 3086 ottonem
3036 3024 3257 3085 ducem
3305 3022 3381 3084 de
3428 3023 3750 3085 Brunswik
3797 3031 3860 3086 et
3894 3024 4112 3087 Lune-

768 3132 969 3209 borgh
1024 3132 1274 3209 litterae,
1333 3132 1397 3191 in
1454 3129 1679 3209 quibus
1728 3127 1979 3205 scribit,
2041 3144 2109 3189 se
2169 3144 2206 3188 a
2259 3144 2407 3203 rege
2455 3127 2687 3190 Swecie
2733 3127 3214 3189 declarationem
3263 3127 3608 3207 recepisse,
3669 3128 3836 3204 quod
3895 3128 4114 3190 nullos

770 3240 1152 3297 mercatores
1214 3235 1337 3295 nisi
1394 3234 1569 3313 ipsos
1626 3230 1703 3293 de
1748 3229 2147 3309 Bamborgh‚
2205 3229 2445 3310 Lybek,
2502 3231 2810 3309 Wismar,
2846 3228 3177 3308 .Rozstok,
3237 3229 3596 3291 Stralesund
3655 3237 3717 3291 et
3766 3230 4114 3310 Gripswald

772 3336 1055 3414 impediri
1105 3337 1339 3398 fecerit.
1391 3370 1467 3380 —-
1518 3334 1769 3413 Laudis,
1818 3334 1953 3393 sine
2000 3350 2188 3394 anno.

1388 3435 1712 3495 Sudendort,
1762 3434 2194 3487 Urkundenbuch
2232 3450 2273 3486 z.
2314 3435 2628 3487 Geschlebte
2673 3435 2720 3486 d.
2762 3437 2990 3499 Herzoge
3023 3449 3071 3485 v.
3113 3435 3515 3498 Braunscbwelg
3553 3449 3604 3485 u.
3641 3434 3926 3499 Luneburg
3967 3434 4027 3485 ll.
4069 3438 4116 3491 1.

1389 3520 1731 3575 Urknndenb.
1770 3520 1817 3571 d.
1856 3521 2009 3572 Stadt
2040 3521 2256 3573 Lubeek
2293 3520 2371 3571 lv.
2409 3520 2493 3573 29.
2566 3520 3080 3587 Meklenburglsehes
3117 3520 3453 3572 urkundenb.
3494 3520 3572 3571 lx.
3609 3520 3726 3574 406.

2311 3686 2583 3797 1342?

1084 3882 1303 3949 ἦ1834.
1393 3883 1705 3946 Eunoen!
1751 3882 1963 3943 militis
2011 3883 2085 3944 de
2132 3880 2362 3945 Pnessn
2406 3883 2484 3944 ad
2530 3883 2828 3945 consules
2875 3882 3139 3945 civitatis
3183 3879 3434 3943 Lubeke
3480 3880 3718 3959 litterae,
3770 3882 3831 3943 in
3881 3882 4119 3960 quibus

775 4003 1007 4065 pecora
1054 3993 1117 4048 et
1162 4004 1361 4064 equos
1407 3985 1645 4064 aliquot
1689 3991 2159 4063 commemorat,
2220 4003 2357 4063 quae
2402 3986 2725 4048 lohannes
2778 3984 3045 4047 famulus
3093 3983 3298 4047 dictus
3343 3984 3418 4043 de
3467 3983 3820 4046 Cotzebode
3869 3985 3990 4047 sibi
4041 3985 4118 4047 de

781 4088 971 4150 Dacia
1017 4089 1134 4151 sub
1181 4089 1498 4193 conductu
1546 4094 1607 4149 et
1652 4089 1986 4150 securitate
2022 4087 2332 4149 comitum
2385 4088 2682 4149 Holtzatie
2731 4089 2988 4149 miserit.
3038 4122 3117 4133 —
3167 4088 3312 4150 Sine
3355 4102 3543 4148 anno.

1393 4189 1733 4242 urkundenb.
1770 4189 1817 4240 d.
1858 4190 2007 4241 Stadt
2039 4190 2256 4241 Lubeck
2289 4190 2326 4242 l.
2367 4190 2605 4244 686-87
2651 4191 2804 4255 (hvor
2839 4192 3059 4254 urlgugt
3091 4189 3304 4241 beufort
3337 4189 3399 4241 ul
3434 4188 3809 4243 1247—12611.
3882 4190 4119 4243 Ueklen-

1394 4276 1703 4340 burglscbes
1738 4275 2077 4328 urkundenb.
2114 4274 2197 4327 lx.
2233 4276 2351 4330 405.

2347 4453 2600 4535 1343.

1086 4618 1307 4683 *1835.
1399 4618 1681 4697 Mantum,
1731 4619 2007 4697 Norges‚
2060 4620 2348 4697 Sveriges
2393 4637 2473 4697 og
2522 4619 2798 4681 Skaanes
2843 4619 3096 4696 Konga,
3153 4619 3388 4681 melder
3434 4620 3764 4681 Benderne
3809 4620 3830 4679 i
3877 4619 4118 4681 Warno

782 4740 863 4799 og
908 4722 1087 4784 Wala
1133 4722 1493 4800 Skibreder,
1552 4728 1614 4782 at
1670 4722 1791 4783 han
1852 4724 1963 4782 har
2017 4722 2182 4799 givet
2235 4723 2630 4784 Kannikerne
2688 4724 2800 4785 ved
2857 4722 3265 4785 Mariekirken
3326 4726 3345 4784 i
3391 4722 3546 4784 Oslo
3601 4722 3720 4783 deu
3780 4722 4118 4800 kongelige

784 4823 1161 4902 Bordleding
1207 4824 1325 4886 hos
1373 4824 1536 4902 dem,
1586 4841 1720 4885 som
1770 4824 1846 4886 de
1882 4824 2091 4886 derfor
2126 4826 2276 4887 hver
2307 4827 2467 4887 Hest
2511 4843 2592 4902 og
2631 4828 2788 4887 Vaar
2823 4826 3022 4888 skulle
3056 4826 3172 4904 yde
3210 4826 3621 4887 Kannikerne.
3669 4858 3752 4871 --
3801 4824 3848 4884 A
3895 4824 4115 4885 Ward-

783 4926 1013 5005 boerqhs
1054 4926 1221 5006 husi,
1279 4927 1681 5003 porsdaghen
1740 4932 1938 4987 naesta
1980 4926 2109 4988 firir
2155 4930 2496 5007 praettande
2543 4929 2703 5006 dagh
2743 4931 2873 5008 jola
2919 4948 2990 4991 aa
3035 4927 3270 4990 ΧΧΙΙΙΙ.
3319 4946 3420 4991 are
3472 4930 3621 4990 rikis
3667 4946 3828 4989 vars.

3841 5030 4118 5106 (Norshl

1400 5114 1733 5181 Dlplomatar.
1772 5114 1987 5181 Norveg.
2024 5116 2082 5168 Π.
2120 5116 2238 5173 210.
