4275 5759
1503 364 2189 441 MELLnnnenmNo.
3362 376 3503 447 231

2848 509 3505 518 m-m-.————ae-—-

221 639 534 713 Parkeuiio,
581 638 1204 715 Bertrammeshagen
1256 648 1318 701 et
1364 640 1740 719 Stoheiowe.‚
1799 642 2138 720 obligatas,
2201 643 2385 705 etiam
2424 644 2729 722 judicium
2781 646 2981 721 majus
3030 646 3089 705 in
3139 644 3297 706 villis
3344 662 3507 724 prae-

217 740 368 801 dictis
407 740 648 815 obligat.
699 774 784 785 -
827 740 1140 803 Coberowe
1175 760 1366 820 prope
1409 743 1806 823 &emeher-ch,
1855 746 2008 807 feria
2055 752 2275 823 quarta
2318 746 2381 805 in
2430 746 2689 807 Pascha.

782 843 968 903 Liscb,
1021 843 1274 895 Urkundl.
1323 844 1637 897 Geschichte
1688 845 1738 896 d.
1786 847 1994 899 Geschi.
2049 862 2096 898 v.
2149 848 2367 899 Oertzen
2424 848 2473 907 l,
2520 847 2753 899 Urkund.
2801 849 2861 899 S.
2901 847 3189 902 107—108.
3281 848 3509 901 Neklon-

783 928 1096 991 burgiscbes
1131 929 1471 981 Urkundenb.
1509 930 1632 981 Vlli.
1669 930 1926 985 347—-48,

478 1046 693 1111 ’1602.
782 1047 984 1111 Panes
1027 1049 1232 1111 Baocx
1289 1055 1650 1128 pantsaetter
1705 1052 1772 1113 til
1819 1052 1989 1113 Niels
2036 1054 2242 1133 hang,
2303 1052 2539 1130 Borger
2596 1056 2611 1114 i
2660 1052 2947 1131 Odense,
3004 1054 3090 1115 alt
3146 1056 3228 1115 sit
3271 1054 3443 1116 Gods
3491 1057 3510 1114 i

219 1147 438 1227 Riiltorp
483 1165 562 1225 og
607 1149 864 1229 Kaltorp
911 1152 1009 1213 i'or
1055 1150 1135 1215 12
1172 1152 1342 1213 Mark
1389 1159 1535 1231 purt
1579 1154 1720 1215 Selv
1768 1155 2024 1215 Colnsk.
2073 1190 2157 1199 -—
2204 1155 2472 1217 Sabbato
2517 1162 2665 1238 post
2708 1157 2938 1218 festum
2981 1156 3260 1218 Paschae.

782 1252 900 1303 Udt.
938 1254 955 1303 l
991 1252 1482 1314 vedel·Simonsen,
1521 1255 1708 1319 Bidrag
1743 1256 1805 1307 tii
1841 1256 2050 1307 Odense
2087 1257 2215 1321 Byes
2251 1257 2481 1309 Historia
2518 1258 2555 1317 i,
2591 1258 2639 1311 2.
2678 1258 2731 1310 S.
2760 1257 2845 1311 28.

475 1370 692 1435 *1603.
783 1372 987 1436 Tucno
1033 1373 1370 1437 Nnctnsson
1419 1375 1624 1436 dictus
1673 1375 1896 1438 Pulso
1946 1377 2022 1438 de
2062 1376 2485 1454 Harebierghe
2534 1379 2699 1439 bona
2743 1396 2859 1440 sua
2904 1380 2965 1439 in
3010 1378 3343 1439 Harthiese
3390 1380 3510 1439 sita

213 1470 365 1533 Petro
404 1473 714 1537 Jenesson
761 1474 836 1537 de
881 1476 1063 1555 Nym,
1111 1478 1418 1538 canonico
1467 1477 1806 1558 immensi,
1855 1480 1917 1539 in
1964 1480 2195 1558 placito
2240 1480 2516 1557 generali
2553 1481 2791 1542 Scaniae
2839 1488 3062 1543 scotat.
3112 1516 3191 1525 —-
3240 1481 3307 1541 ln
3354 1498 3507 1560 pro-

214 1575 346 1635 festo
385 1574 442 1636 b.
485 1575 678 1639 Marci
726 1578 1144 1655 ewangeliste.

785 1678 917 1744 Dlpl.
955 1680 1193 1741 Svecan„
1235 1681 1314 1732 ed.
1353 1681 1407 1731 Β.
1437 1680 1494 1732 Ε.
1526 1679 1845 1735 Hildebrand
1880 1682 1958 1735 lv.
1995 1683 2112 1738 311.

473 1780 692 1846 *1604
783 1782 1237 1845 Testimonium
1273 1802 1506 1847 ΡιΑοιτι
1540 1802 1856 1847 essemus
1894 1787 2140 1865 Seme,
2182 1787 2533 1849 iohannem
2574 1788 2929 1866 Vbbesson,
2976 1790 3171 1849 civem
3214 1788 3505 1851 bunden-

210 1900 349 1961 sem,
420 1883 582 1945 bona
663 1884 945 1963 quiedam
1024 1886 1108 1960 in⁹
1158 1887 1609 1965 Gyortheiykke
1688 1889 1748 1949 in
1817 1890 2117 1968 parochia
2183 1889 2477 1953 Ywetoi‘te
2559 1892 2709 1968 sita,
2794 1892 3074 1952 Esberno
3145 1894 3505 1969 Swensson‚

208 1984 396 2046 horum
441 1985 746 2049 bonorum
793 1987 1108 2065 quondam
1153 1991 1549 2068 possessori,
1601 1992 1964 2067 assignasse
2011 1998 2074 2053 et
2119 1999 2426 2053 scotasse.
2477 2026 2557 2036 —
2604 1994 2867 2071 Laudis,
2917 1992 3176 2056 sabbato
3225 1996 3505 2073 proximo

207 2092 324 2149 ante
367 2088 522 2150 diem
569 2089 628 2150 b.
677 2089 874 2151 Marci
919 2092 1334 2167 ewangeliste.

788 2191 918 2256 Dlpl.
957 2192 1195 2253 Svecan„
1232 2192 1312 2245 ed.
1351 2194 1406 2244 Β.
1435 2194 1494 2245 Ε.
1526 2195 1841 2248 illidebrand
1879 2196 1957 2247 iv.
1997 2194 2255 2250 311—12.

477 2295 696 2360 *1605.
788 2274 1264 2360 Grew'wmuu
1322 2298 1390 2358 af
1427 2298 1690 2359 Holland
1750 2316 1830 2376 og
1874 2299 2219 2376 Hennegau
2276 2301 2447 2377 givet
2501 2300 2704 2361 Pieter
2750 2300 2892 2362 Buit
2933 2300 3265 2363 Tilladelse
3323 2302 3390 2363 til
3448 2310 3510 2363 at

3620 540 3821 607 1333.

3566 1057 3662 1121 ,10.
3700 1056 3909 1120 Aprilis.

3577 1380 3661 1433 24.
3699 1383 3907 1445 Aprilis.

3577 1791 3661 1844 24.
3698 1793 3907 1855 Aprilis.

3579 2305 3626 2360 7.
3666 2308 3797 2368 Mali.

212 2398 356 2473 gjere
399 2397 788 2477 Udpantning
835 2398 1122 2478 (panden)
1166 2400 1288 2461 hos
1334 2400 1411 2462 de
1457 2402 1710 2463 Danske
1759 2401 1876 2462 Ost
1919 2402 2016 2463 for
2059 2401 2281 2464 Elben.
2317 2436 2402 2446 —
2433 2403 2606 2465 Seme
2639 2403 3174 2483 Gheerdenberqlze,
3222 2404 3335 2465 des
3380 2408 3505 2466 vri·
3609 2462 3623 2470 .

212 2498 414 2575 daghes
457 2518 570 2561 nae
615 2500 979 2579 Meyedacb.
1207 2528 1218 2535 ·
3102 2506 3507 2583 (Hollandsk.)

788 2604 977 2663 lileris,
1017 2603 1180 2655 Groot
1215 2602 1571 2656 Charterboek
1606 2606 1654 2657 (1.
1694 2606 1929 2657 Graaven
1965 2620 2014 2657 v.
2053 2606 2279 2657 flolland
2315 2606 2373 2659 11.
2411 2606 2531 2660 545.

477 2704 696 2769 *1606.
786 2707 1172 2770 wicmannus
1218 2706 1482 2799 Joussos
1530 2710 1592 2769 in
1642 2708 1984 2790 Karsthorp
2032 2710 2215 2772 Petro
2262 2710 2431 2772 Pauli
2481 2712 2541 2771 in
2590 2711 3024 2790 Brupaethorp,
3082 2728 3316 2787 genero
3364 2730 3539 2789 suo,-

212 2803 349 2866 hona
388 2824 498 2869 sua
539 2810 602 2869 in
648 2809 1051 2887 Tumaethorp
1099 2810 1219 2871 sita
1260 2826 1376 2889 pro
1425 2811 1620 2873 tribus
1665 2813 1894 2874 marcis
1940 2813 2080 2892 puri
2138 2814 2381 2890 argenti
2434 2812 2832 2892 impignorat.
2884 2848 2962 2858 —
3010 2814 3123 2875 Die
3169 2814 3229 2876 b.
3279 2812 3508 2875 Urbani

213 2910 458 2990 episcopi
500 2918 564 2973 et
606 2912 899 2973 martiris.

783 3013 918 3079 Dipl.
956 3014 1192 3075 Svecan„
1232 3016 1312 3067 ed.
1350 3016 1404 3067 B.
1435 3014 1495 3067 Ε.
1529 3014 1846 3069 liiidsbrund
1880 3016 1960 3067 IV.
1997 3016 2254 3070 320—21.

478 3112 695 3181 *1602
785 3118 1076 3180 Jonsnms
1145 3118 1398 3195 (xxndi)
1476 3136 1652 3199 papae
1731 3120 1947 3181 litterae
2020 3120 2553 3182 commendaticiae
2622 3136 2736 3199 pro
2809 3120 2893 3182 Μ.
2950 3120 3135 3183 Petro
3197 3123 3503 3200 Geruasii,

213 3219 478 3279 canonico
525 3220 903 3298 vivariensi,
959 3221 1182 3283 nuntio
1230 3220 1398 3282 sedis
1445 3221 1807 3301 apostolica}
1853 3222 1930 3283 ad
1977 3223 2265 3302 Daciam,
2323 3223 2691 3299 Norvegiam
2738 3230 2799 3284 et
2844 3224 3121 3285 Sveciam
3171 3226 3505 3303 destinato,

212 3320 464 3383 omnibus
509 3324 802 3401 personis
849 3323 1319 3402 ecclesiasticis,
1366 3324 1757 3403 principibus
1805 3330 1867 3387 et
1899 3325 2475 3405 communitatibus,
2522 3342 2635 3406 per
2672 3342 2934 3404 quorum
2972 3332 3171 3388 terras
3208 3334 3505 3406 transeat,

213 3423 442 3501 scriptae.
489 3458 572 3469 —
621 3424 932 3504 Avinione,
983 3426 1052 3488 V.
1100 3426 1220 3487 kal.
1269 3426 1457 3504 Iunii,
1505 3427 1903 3505 pontificatus
1952 3428 2154 3488 nostri
2198 3445 2365 3489 anno
2411 3428 2655 3491 decimo
2706 3428 3025 3507 septimm

786 3526 1120 3591 Diplomatnr.
1143 3530 1361 3591 Norveg.
1391 3527 1739 3583 vi.159-60.
1803 3529 2014 3590 Huncin,
2045 3528 2285 3593 Pavelige
2303 3531 2550 3581 Nuntiers
2570 3529 2906 3594 Regnskabs-
2929 3544 2994 3595 og
3014 3531 3285 3595 Dagbeger
3312 3532 3366 3583 S.
3389 3532 3504 3587 190.

476 3628 700 3694 *loos
786 3630 1277 3693 Instrumentum
1323 3632 1646 3710 notariale,
1693 3632 1770 3694 ab
1815 3632 2082 3696 'ommes
2115 3632 2434 3712 Nicnouu,
2484 3634 2715 3695 clerico
2750 3634 3092 3715 Lundensi‚
3139 3637 3507 3697 auctoritate

210 3732 520 3808 apostolica
561 3734 808 3794 notario
853 3732 1130 3812 publico,
1179 3734 1434 3812 editum,
1484 3734 1650 3812 quod
1685 3735 1904 3797 Petrus
1941 3734 2219 3797 Gervasii
2266 3735 2342 3796 ab
2378 3735 2685 3815 Iohanne,
2732 3737 3175 3799 archidiacono
3222 3738 3507 3799 ecclesiae

211 3830 610 3915 Lincopensis,
659 3836 970 3912 quandam
1016 3853 1322 3898 summam
1368 3837 1650 3917 pecuniae
1699 3836 2028 3899 collectam
2073 3846 2199 3900 tam
2246 3838 2321 3901 de
2370 3840 2751 3901 restantibus
2796 3839 2873 3901 de
2908 3840 3152 3903 decima
3190 3840 3509 3903 sexennaii

211 3950 361 4011 quam
403 3937 478 3999 de
523 3938 832 3999 fructibus
879 3938 1326 4001 beneficiorum
1384 3941 1734 4001 vacantium
1792 3940 1856 4000 in
1915 3945 2077 4003 terra
2123 3942 2450 4003 Gotlandie
2508 3944 2766 4021 recepit.
2869 3941 3035 4003 inter
3088 3948 3285 4004 testes
3341 3958 3505 4021 prae-

210 4045 388 4100 sentes
431 4045 531 4101 est
572 4040 803 4103 Pzraus
849 4041 1253 4118 Srnmnonm,
1313 4044 1658 4104 canonicus
1704 4041 2167 4105 Rosxicoessis.
2217 4078 2300 4089 -
2342 4044 2576 4122 scaris,
2624 4043 2726 4106 die
2773 4046 2988 4122 quinta
3031 4046 3269 4106 mensis
3315 4044 3504 4107 Junii.

787 4142 998 4203 nuncii,
1035 4143 1273 4207 Pavelige
1308 4141 1556 4195 Nuntlers
1592 4143 1928 4207 Regnskabs-
1965 4158 2030 4208 og
2067 4144 2341 4211 Dagbeger
2378 4146 2431 4197 S.
2462 4146 2579 4201 191.

475 4244 694 4311 ’1609.
787 4246 1275 4309 Instrumentum
1321 4247 1656 4327 notariale,
1713 4247 1790 4308 ab
1837 4247 2104 4311 Jomsss
2149 4248 2437 4328 Nicocm,
2486 4249 2719 4312 clerico
2763 4250 3091 4329 Lunensi,
3138 4251 3505 4313 auctoritate

207 4350 516 4423 apostolica
569 4350 814 4412 notario
870 4348 1157 4429 publico,
1215 4349 1479 4427 editum,
1540 4349 1707 4427 quod
1764 4350 1986 4413 Petrus
2044 4352 2322 4413 Gervasii
2379 4367 2416 4412 a
2468 4352 2696 4414 Karolo
2754 4352 3057 4434 episcopo
3116 4360 3179 4415 et
3232 4354 3505 4433 capitulo

211 4446 549 4531 Lincopensi
617 4452 1116 4530 quattuordecim
1184 4469 1428 4514 marcas
1485 4455 1724 4529 argenti
1781 4453 2080 4531 ponderis
2139 4455 2465 4517 Scarensis
2534 4460 2596 4517 et
2650 4472 2875 4518 novem
2937 4472 3179 4517 marcas
3240 4462 3503 4517 monetae

209 4550 491 4616 Gottensis
537 4554 617 4616 de
661 4556 882 4633 legatis
927 4556 990 4615 in
1038 4554 1389 4618 subsidium
1435 4562 1614 4617 terrae
1663 4562 1895 4617 sanctae
1943 4556 2126 4617 sactis
2170 4558 2426 4637 recepit.
2526 4556 2696 4620 inter
2738 4564 3085 4637 praesenies
3132 4564 3230 4620 est
3274 4558 3505 4621 Peritos

207 4652 564 4737 Srmncoms,
611 4658 956 4719 canonicus
1002 4658 1288 4719 ecclesiae
1335 4656 1794 4721 Rosxrconssis
1846 4693 1923 4703 —
1969 4658 2195 4738 Scaris,
2244 4660 2341 4722 die
2390 4661 2605 4738 quinta
2649 4660 2886 4722 mensis
2932 4661 3119 4724 Iunii.

787 4759 997 4821 Munch,
1037 4759 1276 4824 Paveiige
1309 4760 1558 4813 Nuntiet-s
1597 4761 1929 4824 Regnsksbs-
1968 4773 2032 4826 og
2069 4761 2343 4825 Dagbeger
2379 4763 2431 4813 S.
2460 4762 2713 4818 190-91.

474 4862 695 4928 ’1610.
788 4863 986 4927 CLAus
1032 4864 1238 4926 dictus
1276 4863 1449 4928 Bcox·
1487 4864 1781 4945 declarat,
1831 4882 1900 4927 se
1933 4865 2159 4941 P(etro)
2196 4866 2401 4927 Brock
2441 4868 2677 4928 curiam
2711 4865 3073 4929 Naebaelund
3122 4864 3503 4928 redditurum

207 4976 346 5041 esse,
389 4966 608 5029 solutis
654 4964 943 5029 ducentis
989 4969 1218 5029 marcis
1263 4970 1401 5047 puri
1447 4970 1710 5049 argenti,
1757 4985 1872 5049 pro
1920 4968 2148 5046 quibus
2196 4968 2369 5031 curia
2413 4970 2516 5031 illa
2560 4969 2678 5031 sibi
2725 4975 2896 5032 esset
2942 4970 3373 5051 impignorata.
3420 5004 3505 5015 —

206 5064 270 5137 β’
310 5066 464 5146 Juh')
784 5154 844 5205 n.
874 5154 1092 5216 Hauon,
1130 5155 1238 5208 Den
1275 5156 1474 5208 danus
1511 5156 1777 5209 Panterets
1812 5156 1942 5209 Hist.
1981 5157 2034 5208 S.
2063 5156 2183 5211 239-

3575 2718 3659 2770 25.
3700 2719 3829 2778 Mali.

3576 3128 3658 3181 28.
3696 3130 3827 3191 Mali.

3575 3642 3626 3695 5.
3661 3642 3821 3693 lunii.

3573 4254 3623 4307 5.
3660 4214 3818 4307 lunii.

3574 4870 3626 4923 3.
3660 4870 3801 4921 inin.
