4275 5759
1358 380 1571 453 Kone
1630 378 2021 452 vitonum
2081 382 2471 451 Avi-sanae.
3419 386 3568 457 337

574 646 765 719 2501,
856 654 1237 706 Hauserecesse
1274 654 1311 705 1.
1348 652 1465 707 213.

550 774 769 838 ’2457.
861 774 1347 836 lustramentum
1418 774 1748 851 notariale,
1820 774 1986 851 quod
2056 791 2350 837 consumis
2412 790 2698 837 cwrruis
2757 775 3105 837 Locrensis
3162 774 3434 835 iohanni
3499 772 3575 834 de

254 872 473 940 Linzen
520 878 769 956 plenam
816 884 1186 957 potestatem
1233 875 1557 954 dederunt,
1607 884 1674 938 ut
1717 875 2065 938 Johannem
2114 876 2190 936 de
2231 877 2422 955 Helle,
2470 885 2777 939 rectorem
2826 878 3245 956 parochialem
3294 876 3574 938 ecclesioe

250 982 307 1040 in
350 981 560 1059 Borby
607 980 1035 1042 Sleswicensis
1081 980 1375 1056 diocesiS,
1426 982 1487 1040 in
1536 979 1777 1040 civitate
1812 978 2146 1041 Lubicensi
2184 979 2670 1059 deprehensum,
2721 982 2825 1058 qui
2859 980 3015 1041 l'alse
3063 986 3124 1040 et
3171 979 3285 1041 sub
3323 980 3574 1041 nominc

254 1082 551 1144 Florencii
599 1084 674 1143 de
724 1083 955 1163 Campe
1004 1084 1429 1143 sleswicensis
1478 1082 1749 1142 diocesis
1794 1080 2125 1143 Detleuum
2174 1082 2372 1161 Broye
2429 1082 2506 1143 ad
2563 1084 2860 1163 oppidum
2911 1081 3113 1143 Stadis
3171 1098 3283 1161 per
3340 1082 3574 1142 litteras
3633 1154 3636 1157 ⁴

250 1187 567 1267 praepositi
602 1186 915 1247 Wilbelmi
952 1187 1127 1248 citari
1162 1184 1605 1265 procuraverit,
1652 1184 1728 1247 ad
1757 1184 2058 1261 Judicium
2100 1184 2400 1246 Bertrami
2435 1185 2716 1265 episcopi
2752 1185 3124 1279 Lubicensis
3159 1185 3453 1263 postulet.
3494 1218 3575 1228 —

254 1289 317 1347 In
360 1293 705 1349 consistorio
748 1293 1006 1349 civitatis
1054 1287 1411 1365 Labie-ensis,
1460 1287 1797 1348 indictione
1844 1291 2062 1366 prima,
2110 1290 2348 1349 mensis
2394 1289 2666 1351 Januarii
2714 1289 2812 1349 die
2859 1288 3208 1350 undecima.

858 1390 1199 1442 urkundenb.
1237 1390 1286 1441 d.
1325 1389 1474 1441 stadt
1508 1389 1721 1441 Lubeck
1757 1388 1837 1441 lll.
1874 1388 2129 1443 458—59.

578 1511 771 1577 2502,
860 1509 1241 1562 Hauserecesse
1276 1510 1312 1561 1.
1349 1508 1603 1564 213-14.

577 1608 767 1696 2505.

256 1750 471 1826 ’2458ί
484 1778 552 1805 =
562 1750 772 1825 2523).

577 1870 767 1937 2506.

552 1990 771 2056 ’2459.
864 1992 1361 2053 Commentarius
1408 1998 1688 2051 actorum
1737 1991 1797 2050 in
1846 2007 2036 2052 causa
2079 1990 2242 2050 inter
2289 1990 2583 2050 consules
2621 1990 3004 2053 Lubicenses
3051 1998 3113 2052 et
3145 1991 3452 2053 Jofflumffl
3501 2005 3573 2051 nn

256 2096 465 2175 Ηῑιιι,
515 2102 821 2157 rectorem
868 2095 1287 2175 parochialem
1336 2094 1616 2156 ecclesiae
1666 2092 1869 2171 Borby
1915 2094 2340 2154 Sleswicensis
2387 2091 2680 2154 diocesis.

862 2196 1199 2249 Urkundenb.
1236 2196 1285 2247 d.
1324 2196 1473 2248 stadt
1507 2195 1720 2247 Lubeck
1754 2194 1835 2245 111.
1872 2194 2127 2257 463-74,
2166 2192 2422 2255 475-81,
2461 2193 2716 2255 482-87,
2752 2194 3008 2255 492-94,
3043 2178 3333 2248 498-500.

576 2317 767 2388 2507
857 2317 1308 2369 Hauserecessel.
1345 2316 1497 2370 222-
1517 2316 1602 2370 23.

552 2438 769 2505 ’2460
860 2438 1310 2501 Testimonium
1364 2436 1606 2518 placiti,
1666 2436 1914 2499 Petrum
1960 2437 2233 2501 Jensson
2281 2437 2356 2499 de
2405 2435 2502 2498 od
2559 2436 2811 2499 domino
2859 2436 3180 2499 Cristerno
3225 2436 3573 2499 Wendelbo

262 2543 421 2605 militi
492 2544 723 2605 curiam
783 2559 956 2603 suam
1014 2541 1418 2621 principalem
1479 2533 1699 2602 odet
1758 2540 2005 2617 singula
2060 2542 2272 2602 omnia
2329 2558 2442 2603 sua
2505 2540 2674 2603 bona
2741 2542 2801 2604 in
2870 2540 3166 2620 parochia
3218 2540 3450 2601 Winkil
3507 2540 3570 2599 in

262 2644 853 2708 Maethelsumherret
898 2647 1016 2705 sita
1062 2652 1366 2706 scotasse.
1416 2677 1497 2689 —
1543 2644 1617 2702 In
1654 2642 1882 2720 placito
1924 2646 2194 2720 qenerali
2237 2644 2586 2723 Viberyensi,
2635 2646 2697 2704 in
2745 2643 3001 2705 sabbato
3049 2643 3453 2705 Scicientes.¹

859 2747 1044 2808 Hvass,
1079 2746 1416 2798 Meddelelser
1452 2759 1539 2797 om
1578 2746 1831 2797 Personer
1868 2758 1931 2809 og
1968 2746 2211 2797 Famtller
2249 2746 2304 2797 af
2335 2738 2536 2797 Navnet
2569 2746 2706 2797 Hvas
2743 2745 2822 2797 111.
2861 2744 3151 2800 102-103,

856 1630 1240 1683 Hauserecesse
1274 1631 1311 1682 l.
1346 1629 1464 1683 220.

858 1751 1241 1805 Hauserecesse
1275 1750 1312 1801 1.
1349 1748 1601 1819 215-16.

860 1873 1240 1923 {lausei-ecesse
1273 1870 1311 1921 1.
1346 1868 1600 1924 217-19.

554 2884 771 2949 ’2461
864 2885 1107 2946 Vidisse
1164 2886 1231 2946 af
1280 2884 1459 2960 Kong
1504 2884 1771 2961 Magnus
1828 2884 1893 2944 al*
1944 2885 2190 2961 Sverigs
2235 2884 2391 2945 Brev
2448 2885 2517 2944 til
2573 2884 2801 2946 Staden
2847 2884 3128 2963 Kampen
3183 2884 3248 2945 af
3295 2882 3572 2948 21.Ju1i

271 2986 422 3051 1355
457 2988 581 3062 (Nr.
621 2986 861 3067 ’2227),
907 2987 1161 3049 udstedt
1193 2988 1259 3049 af
1289 2988 1599 3051 Vomitus
1634 2987 1721 3050 Βι,
1727 3004 2024 3067 Anwxrsn,
2073 2986 2382 3049 Guardian
2422 2988 2439 3047 i
2474 2987 3063 3051 Minoriterklostret
3100 2989 3121 3048 i
3154 2987 3452 3067 Kampen.
3491 3020 3572 3030 —

266 3089 431 3151 Nona
474 3091 571 3152 die
620 3092 853 3153 mensis
899 3092 1149 3171 Aprilis.
3331 3090 3572 3163 (Latin.)

861 3192 978 3245 Udt.
1000 3196 1019 3244 1
1046 3192 1172 3245 holl.
1193 3194 1373 3246 Overs.
1393 3196 1411 3245 i
1430 3192 1666 3257 Register
1685 3208 1785 3245 van
1806 3192 2055 3247 Charters
2084 3208 2149 3245 en
2171 3194 2490 3246 Buschelden
2519 3197 2574 3244 ln
2601 3192 2692 3245 bet
2717 3194 2856 3245 oude
2875 3192 3088 3244 Archter
3103 3206 3152 3243 v.
3171 3192 3402 3256 Kampen
3431 3191 3466 3241 1.
3487 3190 3571 3245 46

578 3311 767 3379 2508,
857 3313 1241 3366 Hauserecesse
1275 3315 1313 3365 1.
1348 3313 1601 3369 223-24.

553 3432 770 3498 ’2462
861 3434 1345 3497 lustramentum
1406 3435 1737 3513 notariale,
1798 3435 1961 3513 quod
2021 3453 2312 3499 consumas
2364 3453 2648 3500 cwrrxrls
2696 3436 3046 3505 Lunensis
3091 3434 3456 3511 lohannem
3495 3432 3571 3493 de

276 3534 478 3597 Linzen
532 3544 1000 3617 procuratorem
1060 3541 1550 3617 constituerunt,
1612 3544 1679 3599 ut
1735 3544 1950 3599 contra
2007 3538 2356 3601 ,Iohannem
2414 3540 2491 3602 de
2536 3539 2746 3619 Helle,
2804 3546 3108 3601 rectorem
3169 3536 3451 3599 ecclesioe
3509 3536 3570 3597 in

276 3636 456 3718 Borby
512 3640 939 3702 Sleswicensis
998 3640 1304 3720 diocesis,
1367 3642 1471 3720 qui
1529 3658 1737 3703 coram
1788 3640 2071 3704 lohanne
2129 3642 2205 3705 de
2265 3644 2676 3721 Cleudenest,
2713 3641 2984 3705 'decano
3045 3640 3324 3703 ecclesia
3381 3638 3570 3701 Lubi-

276 3744 480 3821 censiS,
540 3743 812 3805 libellum
867 3743 1175 3805 famosum
1232 3743 1612 3823 produxerit,
1668 3752 1903 3823 ageret.
1955 3780 2034 3790 —
2081 3746 2424 3808 lndictione
2485 3747 2703 3826 prima,
2761 3745 3160 3825 pontificatus
3206 3742 3432 3805 Urbani
3475 3742 3572 3801 Vti

276 3858 427 3921 papae
470 3862 634 3907 anno
680 3846 904 3941 primo,
952 3848 1187 3923 mensis
1234 3848 1459 3928 Aprilis
1507 3848 1606 3910 die
1650 3848 2012 3928 penultima,
2061 3866 2197 3927 quae
2245 3850 2360 3912 suit
2405 3848 2540 3910 dies
2587 3848 2849 3911 sabbati.

858 3948 1197 4003 urkundenb.
1234 3950 1283 4001 d.
1322 3950 1471 4002 Stadt
1504 3950 1718 4001 Lubeck
1750 3949 1833 4000 111.
1870 3949 2124 4005 481-82,

577 4066 769 4133 2509,
858 4070 1241 4122 Hauserecesse
1279 4071 1314 4122 l.
1351 4069 1615 4129 225—30;
1649 4070 1766 4131 Jvfr.
1804 4070 2148 4123 Variantorne
2184 4071 2342 4123 sstds.
2381 4070 2462 4122 lll.
2506 4072 2582 4125 19.

580 4188 771 4254 2510,
860 4189 1243 4243 flmserocesse
1276 4191 1313 4242 1.
1349 4190 1468 4245 230.

579 4306 769 4373 2511.
860 4310 1244 4363 Hauserecesse
1278 4312 1315 4362 1.
1351 4310 1606 4365 230-32.
1638 4346 1649 4359 .

556 4426 775 4494 ’2463.
864 4432 1213 4504 Ennianus,
1282 4432 1474 4492 abbas
1541 4433 1902 4493 monasterii
1970 4432 2045 4493 de
2110 4431 2544 4511 Reyneuelde,
2615 4431 2849 4493 litteras
2919 4429 3149 4493 Alberti
3217 4398 3574 4489 Bremensis

274 4528 727 4611 archiepiscopi,
777 4532 1002 4610 quibus
1051 4535 1350 4614 proecipit,
1398 4541 1466 4596 ut
1498 4533 1817 4596 Johannes
1855 4534 1930 4595 de
1968 4534 2167 4615 Helle,
2216 4542 2420 4596 rector
2467 4535 2748 4597 ecclesiae
2795 4536 2856 4595 in
2891 4533 3120 4611 Borby,
3167 4532 3322 4593 liber
3365 4530 3574 4591 dimit-

276 4632 437 4709 tatur,
473 4639 536 4695 et
568 4652 759 4701 causa
793 4636 954 4697 inter
988 4655 1129 4699 eum
1169 4643 1230 4697 et
1267 4637 1562 4699 consules
1587 4637 1974 4699 Lubicenses
1998 4638 2074 4699 ad
2104 4639 2399 4718 oppidum
2431 4637 2646 4699 Vei-dis
2672 4646 2909 4717 agatur,
2945 4637 3148 4699 irritas
3177 4634 3468 4697 declarat.
3496 4667 3576 4677 -

276 4730 499 4816 Lubeke,
544 4740 834 4816 sequenti
878 4738 976 4801 die
1021 4739 1082 4803 b.
1132 4740 1411 4803 Barnabe
1458 4740 1747 4819 apostoli.

861 4840 1199 4893 urkundenb.
1237 4843 1285 4894 d.
1324 4842 1489 4896 stadt·
1508 4843 1719 4895 Luheck
1754 4843 1838 4895 111.
1875 4842 1993 4897 491.

553 4960 772 5026 2’464.
864 4962 1256 5027 Gnnmnnus·
1268 4966 1557 5027 (inuam-is
1607 4965 1684 5027 de
1732 4964 1944 5045 Dacia,
1995 4982 2242 5027 creerer
2285 4968 2452 5043 regis
2498 4963 2713 5046 Dacie,
2761 4964 3182 5042 recognoscit,
3230 4978 3298 5023 se
3341 4959 3574 5023 Thide-

278 5057 467 5123 kinum
512 5064 756 5143 Vogbel
800 5082 833 5127 e
880 5067 1228 5147 captivitate
1276 5084 1390 5130 sua
1434 5067 1695 5130 liberum
1741 5068 2079 5130 dimisisse.
2126 5102 2210 5113 —
2253 5068 2564 5151 (Lubelce),
2619 5070 2762 5132 Viti.

862 5168 1202 5222 urkundenb.
1240 5169 1290 5222 d.
1328 5171 1478 5223 Stadt
1510 5172 1722 5223 Lubock
1756 5170 1838 5222 111.
1875 5168 1993 5225 491.

370 5284 563 5353 Regest.
600 5288 727 5341 nan.
764 5288 824 5341 ll.
860 5289 973 5343 Ser.
1010 5289 1049 5342 1.
3099 5289 3170 5345 43

3698 551 3885 617 1363.

3643 654 3693 707 9.
3728 656 3940 707 Ianuar.

3649 774 3729 828 11.
3767 775 3980 826 Ianuar.

3646 1513 3729 1568 13.
3764 1514 3974 1566 Ianuar.

3643 1633 3726 1688 24.
3763 1635 3976 1686 Ianuar.

3644 1754 3857 1806 ianuar.

3643 1874 3692 1927 5.
3729 1874 3877 1927 Febr.

3644 1995 3693 2048 1.
3731 1994 3967 2046 Har-tli—

3644 2062 3906 2116 19.Juut

3643 2324 3726 2378 17.
3765 2324 3946 2375 llartll.

3643 2443 3725 2497 18.
3763 2443 3947 2495 Martii.

3641 2891 3690 2945 9.
3727 2892 3937 2957 Aprilis.

3641 3320 3726 3377 23.
3763 3321 3972 3386 Aprilis.
4029 3382 4034 3387 ,
4113 3328 4120 3337 ·

3641 3440 3726 3495 29.
3763 3441 3974 3505 Aprilis.

3641 4077 3689 4131 7.
3728 4078 3859 4138 Ball.

3642 4196 3724 4250 11.
3762 4197 3895 4257 Mali.

3641 4316 3726 4371 21.
3763 4316 3896 4377 Mali.

3644 4436 3726 4489 12.
3762 4436 3922 4489 «lunii.

3649 4965 3728 5020 15.
3765 4951 3926 5019 Sunii.
