4275 5759
1342 363 1553 442 Kone
1608 363 2003 444 VALDEMAR
2058 371 2454 444 A‘rrennae.
3175 413 3179 420 ·
3405 367 3550 448 353

537 642 755 707 ‘2591.
846 643 1337 743 Buneunmsrm,
1406 663 1635 710 scamni
1692 653 1756 709 et
1808 662 2101 710 consuas
2163 647 2318 707 villoe
2379 646 2455 708 de
2512 623 2728 709 Baucis
2789 647 2852 706 in
2910 646 3192 707 Flandria
3260 593 3592 708 consules⁹
3623 543 3875 708 201?ssss-

238 746 619 806 Lubicenses
666 747 1023 824 hortantur,
1085 755 1151 809 ut
1194 748 1463 809 Johanni
1510 749 1939 828 Zonnebalch‚
1990 751 2092 826 qui
2140 751 2394 810 nomine
2439 748 2680 809 Nicolai
2726 748 3142 810 Hauweschilt
3186 748 3262 808 ab
3310 748 3555 810 duobus

236 848 469 908 civibus
508 847 964 910 Lubicensibus
1014 849 1311 926 quasdam
1348 851 1583 914 litteras
1621 851 2041 929 obligatorias,
2090 851 2166 912 ab
2202 851 2676 930 archiepiscopo
2713 850 3028 914 Londensi
3064 851 3260 912 editas
3300 858 3362 911 et
3395 851 3556 930 apud

237 967 337 1010 eos
384 949 735 1030 depositas,
782 952 1079 1030 postulet,
1126 953 1349 1013 adsint.
1400 989 1476 997 —
1528 954 1838 1015 Vicesima
1882 955 1978 1015 die
2026 956 2264 1036 mensis
2307 953 2467 1032 May.

845 1052 1184 1106 Urlmndenb.
1222 1055 1269 1104 d.
1309 1055 1458 1106 Stadt
1492 1056 1701 1106 Lubeclt
1740 1056 1821 1106 111.
1858 1055 2111 1110 593-94.

544 1189 758 1254 *2592
848 1191 1122 1254 Usamus
1181 1192 1360 1268 (Vtus)
1419 1210 1578 1273 papa
1632 1193 1905 1254 Benrico
1962 1195 2264 1273 episcopo
2323 1192 2765 1256 Roschildensi
2825 1194 3134 1254 licentiam
3191 1193 3557 1255 triennalem
3627 1197 3709 1250 26.
3752 1199 3878 1258 Maji.

240 1293 583 1372 presbitero
633 1295 1198 1356 reconciliationem
1248 1295 1655 1357 ecclesiarum
1704 1296 2060 1357 violatarum
2108 1297 2495 1372 aliorumque
2531 1296 2810 1358 locorum
2851 1302 3208 1357 sanctorum
3245 1312 3404 1373 aqua
3449 1311 3560 1374 per
3601 1371 3608 1378 .

240 1396 437 1474 ipsum
496 1394 825 1456 benedicta
881 1397 1307 1458 committendi
1366 1401 1713 1478 impertitur
1767 1404 2023 1478 propter
2080 1399 2324 1459 senium
2386 1401 2542 1477 ejus.
2595 1433 2670 1442 —
2733 1399 3053 1477 Avinione,
3115 1399 3380 1478 septimo
3438 1396 3557 1458 kal.

240 1498 420 1576 lunii,
468 1515 637 1558 anno
685 1506 924 1575 quarto.

854 1600 968 1652 Udt.
1006 1604 1023 1651 i
1058 1603 1131 1666 Ny
1167 1602 1433 1654 klrkehist.
1473 1604 1767 1668 Samunger
1802 1605 1858 1653 V.
1896 1603 2014 1657 862.

244 1737 766 1814 ‘2593(=2484),
855 1738 1090 1799 Mantele,
1128 1740 1336 1792 Lubeck
1374 1742 1482 1791 und
1522 1741 1787 1805 Marqvard
1812 1755 1925 1818 ⁸von
1956 1741 2260 1791 wastensee
2297 1741 2349 1791 S.
2377 1741 2447 1794 54
2483 1740 2596 1804 (her
2636 1740 2848 1791 henrart
2883 1740 2941 1791 tll
2980 1739 3151 1804 1365).
3225 1737 3561 1790 urkundenb.
3632 1747 3713 1799 30,
3753 1747 3908 1807 nafis

855 1824 905 1874 d.
944 1825 1093 1877 Stadt
1128 1826 1338 1877 Lubeck
1372 1827 1454 1878 lll.
1491 1826 1747 1881 594—95.

547 1961 765 2026 *2594
854 1962 1277 2026 Pnoconsuns
1325 1972 1387 2026 et
1432 1981 1725 2028 consuas
1773 1966 2035 2026 civitatis
2083 1963 2371 2026 mmsis
2431 1963 2798 2025 consulibus
2844 1963 3302 2025 Lubicensibus
3355 1963 3562 2024 decla-
3633 1969 3682 2021 5.
3723 1968 3881 2020 sunu.

248 2072 399 2144 rant,
448 2064 818 2127 Nicholaum
866 2066 941 2128 de
977 2066 1269 2145 Lembec,
1316 2068 1596 2146 militem,
1645 2068 1987 2147 dapiferum
2034 2069 2201 2142 regis
2241 2067 2582 2142 Danorum,
2630 2067 2874 2127 Petrum
2913 2067 3222 2146 Battyngh
3262 2083 3564 2144 procura-

248 2175 437 2228 torem
490 2184 672 2230 suum
722 2169 1149 2248 constituisse,
1198 2159 1302 2247 qui
1349 2171 1804 2232 restitutionem
1853 2171 2079 2232 liburni
2124 2169 2432 2248 Nicholai,
2480 2170 2556 2230 ab
2596 2169 2835 2230 Thoma
2871 2169 3245 2230 Nannesson
3295 2169 3566 2246 deducti,

248 2271 537 2350 postulet.
588 2305 668 2315 —
716 2271 783 2331 ln
830 2275 1104 2333 crastino
1152 2277 1437 2352 corporis
1485 2273 1738 2334 Christi.

858 2374 1194 2426 Urkundenb.
1232 2374 1281 2425 (1.
1320 2374 1467 2425 Stadt
1502 2374 1715 2427 Lubeck
1748 2373 1829 2425 lll.
1865 2374 1984 2426 596.

550 2511 768 2576 *2595
861 2511 1106 2575 Risum
1163 2514 1181 2573 i
1227 2512 1595 2575 Doannscur
1634 2483 2043 2582 ‘underretter
2088 2511 2326 2573 Raadet
2380 2513 2401 2570 i
2445 2511 2695 2574 Lubeck
2755 2526 2854 2573 om
2915 2529 2994 2573 en
3041 2512 3236 2590 Strid,
3297 2529 3430 2573 som
3491 2528 3568 2572 en
3642 2521 3722 2574 18.
3759 2522 3918 2572 sunu.

254 2614 552 2690 Danziger
598 2615 837 2691 Borger
882 2615 993 2674 har
1039 2616 1183 2675 havt
1224 2616 1365 2677 med
1413 2615 1687 2677 Thomas
1734 2615 2112 2676 Minnenson
2163 2632 2242 2692 og
2289 2613 2468 2675 Peter
2512 2615 2764 2692 Hatting
2811 2615 3022 2690 (Drost
3057 2616 3246 2677 Claus
3285 2613 3570 2684 bimbeks

252 2715 513 2794 Tjener)‚
554 2735 634 2794 og
674 2733 773 2779 om
816 2717 1087 2795 Forliget
1121 2721 1142 2778 i
1175 2719 1380 2780 denne
1418 2719 1602 2779 Strid.
1642 2753 1711 2763 -
1758 2717 1885 2779 Des
1922 2717 2358 2793 donredaghes
2395 2734 2501 2778 vor
2537 2720 2698 2778 sinte
2734 2717 2884 2780 Jans
2919 2719 3077 2779 dach
3119 2724 3176 2780 te
3211 2717 3568 2778 midzomer.

3161 2819 3570 2896 (Hollandsk.)

858 2905 1196 2958 Urknndenb.
1234 2905 1284 2956 d.
1323 2906 1471 2958 Stadt
1505 2905 1716 2957 Lubeck
1752 2905 1832 2956 111.
1870 2905 2157 2959 602—603.

584 3043 771 3110 2574,
862 3045 1243 3096 Hauserecesse
1288 3045 1324 3095 1.
1371 3044 1627 3099 331—38.
1708 3044 1914 3096 Brndst.
1964 3046 1981 3094 i
2019 3045 2218 3108 Bunge,
2265 3044 2421 3102 le.-,
2469 3044 2642 3094 Esthe
2692 3057 2742 3092 u.
2782 3043 3194 3094 Curlandlsches
3230 3040 3567 3093 Urknndenh.
3639 3053 3720 3106 24,
3759 3054 3919 3104 Jfflm,

863 3129 940 3180 vl.
979 3130 1230 3184 653-56.
3112 3126 3124 3141 '

554 3267 771 3332 *2595
866 3268 1175 3331 Consonus
1232 3283 1538 3331 civm'run
1595 3283 1991 3331 uanlrtnsnuu
2047 3269 2109 3328 in
2167 3267 2415 3329 Lubeke
2485 3270 2846 3346 congregati
2904 3269 3288 3346 Haquinum,
3357 3284 3567 3344 regem
3638 3276 3720 3328 24.
3759 3277 3920 3328 sunit.

262 3369 481 3432 Swecie
528 3370 993 3462 etNorwegie,
1042 3372 1401 3450 hortantur,
1448 3376 1547 3450 ut,
1606 3371 1933 3434 attendens
1980 3369 2195 3449 verba,
2257 3387 2390 3447 quoe
2439 3371 2674 3432 nuntiis
2723 3372 3156 3433 consularibus
3205 3369 3574 3448 quibusdam

262 3489 450 3551 nuper
517 3474 680 3553 apud
751 3491 889 3536 eum
949 3475 1010 3535 in
1068 3473 1634 3552 Werdynghborgh
1696 3474 2051 3535 constitutis
2110 3473 2358 3551 dixerit,
2428 3479 2554 3533 tres
2616 3490 2803 3535 naves
2861 3481 3072 3554 captas
3135 3476 3435 3535 restituat.
3495 3507 3576 3516 —-

266 3575 436 3636 Festo
481 3577 815 3639 nativitatis
862 3576 923 3638 b.
971 3576 1275 3639 Johannis
1320 3576 1611 3656 baptiste.

867 3678 1205 3730 Urknndenb.
1242 3678 1291 3729 d.
1330 3679 1481 3730 Stadt
1514 3679 1725 3730 Labeck
1759 3678 1840 3730 ul.
1878 3677 2167 3731 606—607.
2241 3679 2621 3730 Hanserecesse
2657 3679 2692 3729 1.
2729 3678 2982 3732 341—42.

560 3800 777 3865 *2597.
870 3801 1186 3864 Consumit
1224 3815 1528 3863 civi-rarum
1574 3815 1971 3863 naumurum
2019 3798 2093 3859 de
2131 3801 2406 3861 terciana
2442 3799 2774 3861 Lubicensi
2809 3808 2870 3861 et
2905 3803 3177 3861 terciana
3211 3801 3577 3863 Wismcnnsi
3647 3810 3731 3863 24.
3767 3811 3927 3861 sunu.

270 3903 337 3961 ad
392 3903 689 3965 consules
746 3905 1061 3965 civitatum
1117 3909 1293 3966 terrae
1341 3903 1595 3965 Pruscie
1655 3902 1869 3964 litterae
1928 3900 2003 3964 de
2062 3907 2292 3964 statuto
2340 3901 2754 3978 Brugensium
2814 3903 2888 3964 de
2947 3903 3352 3966 velificatione
3409 3910 3580 3966 extra

270 4011 501 4082 portum
549 4007 793 4069 Zwene.
842 4042 923 4051 —
972 4007 1218 4086 Lubelce,
1265 4009 1427 4070 festo
1475 4007 1807 4068 nativitatis
1854 4005 1913 4066 b.
1963 4005 2269 4067 Johannis
2314 4003 2603 4084 baptiste.

872 4111 1154 4170 sartorius,
1193 4110 1379 4162 Gesch.
1418 4109 1466 4159 (1.
1506 4109 1695 4168 Hanse,
1735 4109 1812 4159 ed.
1854 4108 2190 4172 Lappenherg
2227 4107 2285 4166 11.
2323 4106 2575 4162 579-80.
2649 4109 3029 4160 Hauserecesse
3063 4108 3099 4161 l.
3135 4109 3253 4164 341.

564 4230 781 4296 ²259&
874 4231 1184 4293 Consonus
1244 4247 1549 4294 cn'iurun
1605 4246 1999 4292 martiniana
2063 4230 2139 4291 de
2197 4230 2378 4291 tertia
2431 4237 2604 4309 parte
2662 4229 2993 4292 Lubicensi
3052 4239 3114 4293 et
3178 4212 3357 4292 tertia
3409 4239 3582 4312 parte
3652 4239 3729 4291 24.
3767 4239 3927 4290 sunu.

280 4333 629 4396 Wnsmrnusi
666 4340 1047 4396 mercatores
1088 4335 1298 4396 hansoe
1334 4334 1736 4396 Theutonicae
1775 4336 1836 4395 in
1872 4332 2186 4410 Nogardia
2218 4332 2294 4392 (16
2331 4335 2578 4394 statutis
2613 4334 2674 4392 in
2713 4337 3196 4410 congregatione
3233 4351 3346 4396 sua
3382 4335 3582 4411 sactis,

278 4437 331 4496 in
372 4439 620 4518 quibuS,
669 4455 749 4498 ne
796 4436 1260 4514 Nogardienses
1310 4455 1443 4514 quoe
1488 4438 1699 4514 gravia
1738 4439 2025 4498 instituta
2070 4439 2204 4498 sine
2253 4452 2570 4497 consensu
2619 4437 2928 4497 civitatum
2976 4436 3226 4499 Lubeke
3273 4444 3335 4498 et
3370 4436 3584 4514 Wisby

278 4557 479 4620 capere
533 4539 822 4617 debeant,
871 4542 1171 4601 certiores
1217 4540 1471 4602 faciunt.
1522 4575 1602 4585 —
1646 4539 1898 4616 Lubelre,
1946 4540 2009 4599 in
2054 4539 2217 4600 festo
2266 4539 2596 4600 nativitatis
2643 4538 2701 4598 b.
2751 4537 3054 4601 Johannis
3098 4540 3386 4620 baptiste.

874 4641 1164 4702 Saturius,
1214 4641 1400 4694 Gesch.
1438 4642 1487 4693 (1.
1526 4643 1725 4704 Ranae,
1772 4641 1851 4693 ed.
1890 4641 2227 4706 Lappenberg
2273 4641 2332 4691 ll.
2371 4638 2625 4694 583-84.
2699 4641 2902 4704 Bunge,
2946 4640 3106 4701 le.·,
3143 4642 3319 4694 Esth.-
3357 4655 3407 4692 u.
3446 4642 3582 4694 Cur-

875 4728 1174 4780 landlsches
1212 4729 1547 4780 Urkundenh.
1588 4729 1664 4778 Vl.
1703 4728 1957 4783 523-24.
2032 4729 2415 4780 Hauserecesse
2451 4726 2486 4777 1.
2523 4726 2776 4782 344-45.

564 4847 783 4914 *2599.
878 4849 1187 4912 Cousuus
1256 4865 1560 4914 mvi-rnna
1629 4867 2023 4913 naumann
2092 4849 2441 4924 declarant,
2511 4849 2906 4910 Thidericum
2978 4849 3315 4928 saxonem,
3387 4852 3578 4912 civem
3651 4853 3734 4907 24.
3770 4854 3930 4906 sunit.

284 4951 809 5032 wismariensem,
878 4959 1241 5026 excusatum
1307 4970 1483 5032 esse,
1564 4953 1729 5030 quod
1798 4953 2049 5029 ignarus
2117 4951 2444 5031 prohibiti,
2525 4950 2833 5014 stantibus
2899 4953 3079 5014 bellis
3143 4953 3306 5014 inter
3372 4969 3580 5028 regem

284 5053 577 5117 Danorum
627 5061 687 5117 et
734 5057 1034 5134 civitates,
1082 5057 1367 5118 Scaniam
1414 5057 1651 5119 adierit.
1702 5091 1781 5101 ——-
1832 5055 2073 5133 Lubelce,
2121 5055 2283 5115 sesto
2331 5055 2661 5116 nativitatis
2705 5053 2765 5114 b.
2815 5054 3120 5118 Johannis
3164 5054 3450 5135 baptiste.

875 5159 1159 5219 Sertorius,
1198 5161 1385 5212 Gesch.
1424 5161 1469 5210 d.
1513 5162 1699 5219 nanee,
1738 5159 1815 5210 ed.
1857 5159 2193 5223 Lappenberg
2233 5158 2290 5208 ll.
2327 5157 2444 5210 593.
2516 5157 2896 5210 Hauserecesse
2933 5159 2967 5210 1.
3005 5158 3123 5212 345.

373 5279 567 5344 negent.
604 5280 733 5332 Dan.
772 5279 831 5331 ll.
869 5284 979 5332 ser.
1016 5279 1053 5330 l.
2945 5293 2949 5298 ⁴
3105 5279 3174 5333 443
