4275 5759
471 529 656 597 1215.

415 634 463 688 7.
500 633 707 698 Aprilis.

447 1130 529 1183 29.
567 1130 706 1181 Iulii.

785 358 878 429 38
1855 350 2068 423 KoNc
2123 349 2519 424 VALDEMAR
2569 372 2703 423 mm
2760 355 3025 427 ΑΝυιιιΝ.

1129 609 1333 692 *145ss
1396 628 1738 703 (JouAnnns)
1782 644 1888 688 rex
1933 626 2168 704 Anglioe
2216 627 2313 689 W.
2362 626 2438 688 de
2482 626 2843 688 Wroteham
2888 627 3325 691 archidiacono
3370 630 3778 691 Tantoniensi
3826 626 4105 704 mandat,

782 735 847 791 ut
895 729 1208 810 Stephano
1257 730 1498 792 Crahbe
1545 730 1729 809 dicat,
1778 736 1847 791 ut
1888 728 2341 791 mercatoribus
2388 728 2465 791 de
2510 736 2674 791 terra
2717 729 2947 809 domini
2996 732 3387 811 imperatoris
3434 739 3495 795 et
3541 731 3617 794 de
3654 732 3842 794 Dacis
3882 729 4109 791 catalla

781 848 1018 909 eorum,
1067 849 1202 909 quae
1249 833 1324 894 ab
1370 834 1446 894 iis
1494 834 1749 913 ceperit,
1797 831 2030 893 reddat.
2091 866 2150 874 —
2208 831 2387 909 Apud
2430 832 2749 905 oxoniam,
2796 830 2923 917 VII.
2974 830 3070 893 die
3117 834 3363 913 Aprilis,
3415 836 3550 896 sine
3598 849 3785 895 anno.

1394 934 1577 999 Bai-dy,
1617 934 1792 985 Rotuli
1828 934 2121 985 litterarum
2159 932 2533 1015 clausaruml.
2570 932 2684 987 193.
2757 932 3109 998 Lappeaberg.
3150 935 3336 986 Gesch.
3374 934 3422 987 d.
3457 935 3779 987 hansischen
3804 933 4111 985 Stahlhot'es

1391 1022 1446 1071 in
1483 1019 1988 1079 London,Urkund.
2027 1019 2302 1073 s.9-10.

1131 1120 1304 1185 *111ss.
1399 1123 1862 1197 Wutonmnus)
1920 1122 2236 1185 Danorum
2290 1122 2733 1199 Slavorumque
2780 1136 2884 1183 rex
2929 1123 3373 1202 possessiones
3422 1131 3482 1185 et
3527 1123 3849 1202 privilegia
3894 1122 4109 1183 eccie-

781 1226 888 1284 siae
935 1224 1305 1286 Lubicensis
1353 1223 1696 1287 confirmat.
1751 1259 1822 1269 —
1879 1223 2111 1301 Lubec„
2162 1224 2259 1285 IV.
2310 1224 2424 1285 kal.
2473 1226 2753 1302 Augusti.

1393 1325 1678 1386 Leverkus,
1716 1325 2052 1379 Urkundenb.
2091 1326 2140 1376 d.
2179 1326 2447 1379 Bisthums
2484 1325 2693 1378 Lubeck
2729 1324 3018 1394 1333-35.

1073 1496 1079 1503 ·
1155 1427 1301 1492 613,
1393 1427 1451 1478 0.
1491 1428 1722 1488 NIeIsen,
1759 1428 1994 1492 Samling
2031 1429 2088 1479 ar
2116 1428 2427 1480 Adkomster
2463 1442 2510 1479 o.
2549 1443 2589 1481 s.
2627 1443 2676 1481 v.
2714 1430 2793 1481 ior
2828 1432 2957 1485 Bibe
2991 1432 3313 1497 Domkantel
3350 1432 3403 1481 S.
3438 1430 3659 1485 35—36.

1127 1530 1301 1595 *147.
1395 1530 1777 1595 Innocua-nus
1824 1530 2054 1607 (mnus)
2121 1548 2283 1611 papa
2347 1531 2617 1612 capitulo
2683 1535 3083 1599 Roskildensi
3148 1533 3416 1612 mandat,
3485 1540 3555 1595 ut
3617 1532 4111 1611 archiepiscopo

779 1633 1096 1697 Lundensi
1141 1640 1434 1711 tanquam
1493 1634 1796 1712 provisori
1837 1650 2057 1723 ⁴eorum
2117 1633 2400 1697 ecclesiae
2458 1640 2733 1699 vacantis
2793 1645 3065 1719 pareant.
3126 1674 3203 1685 --
3263 1634 3627 1715 (Pontificat.
3676 1650 3844 1695 anno
3892 1630 4110 1693 XVIII.

805 1737 931 1799 sive
976 1736 1125 1798 XIX.
1181 1783 1196 1797 .

781 1736 796 1817 Ι
1134 1736 1173 1881 lv,
1394 1836 1509 1889 Udt..
1547 1839 1564 1888 i
1601 1838 1842 1898 Thelner,
1879 1802 2064 1889 Vetera
2099 1849 2337 1889 monum.
2377 1837 2575 1892 Slavor.
2614 1841 2938 1893 meridionnl.
2976 1842 3012 1893 I.
3048 1842 3115 1896 69
3150 1843 3233 1893 Νι.
3272 1840 3385 1895 186.

1127 1938 1302 2005 *148.
1395 1924 2054 2013 lunocznrnus'unuus)
2111 1958 2273 2021 papa
2328 1941 2801 2025 archiepiscopo
2847 1944 3161 2007 Lundensi
3218 1940 3500 2021 mandat,
3556 1947 3626 2003 ut
3680 1941 4111 2033 provisionem

711 2028 719 2039 ’
780 2042 1066 2104 echesiae
1116 2042 1552 2105 Roskildensis
1598 2044 1875 2123 recipiat.
1923 2078 2006 2088 —-
2053 2042 2413 2120 (Pontificat
2467 2061 2632 2107 anno
2678 2046 2884 2110 XVIII.
2936 2047 3084 2127 [sive
3128 2045 3348 2125 xlm).

339 2428 740 2495 1215-1216.

345 4795 748 4863 1215-1224?

1391 2145 1507 2197 Udt..
1545 2148 1562 2195 i
1597 2144 1838 2205 Theiner,
1877 2145 2335 2217 Vetera-monum.
2374 2146 2572 2198 SIavor.
2609 2147 2933 2200 meridional.
2970 2149 3007 2200 1.
3043 2146 3110 2203 69
3144 2149 3229 2199 Νι.
3262 2146 3377 2201 187.

2139 2404 2746 2489 1215-1216.

1126 2590 1300 2655 *149.
1394 2589 1779 2653 Innocentius
1823 2587 2052 2661 (mnus,
2099 2605 2260 2668 papa
2305 2590 2533 2665 reginoe
2573 2590 2883 2654 Danorum
2932 2588 3239 2668 quandam
3284 2589 3685 2653 donationem
3732 2606 3847 2670 per
3892 2606 4117 2666 regem

783 2692 1096 2754 Danorum
1145 2694 1201 2754 ei
1245 2699 1501 2773 propter
1544 2692 1794 2771 nuptias
1841 2691 2064 2752 factam
2111 2688 2458 2753 confirmat.
2506 2726 2585 2736 —
2632 2690 2933 2765 (Pontiflc.
2980 2709 3145 2755 anno
3188 2692 3397 2754 XVIII.
3448 2694 3575 2753 sive
3620 2692 3821 2754 XIX.).

1389 2792 1504 2845 Udt.
1542 2796 1558 2844 1
1594 2794 1836 2853 Thelner,
1873 2792 2058 2844 Vetera
2093 2805 2331 2844 monum.
2369 2792 2565 2845 Slavor.
2606 2793 2932 2849 meridional.
2967 2794 3003 2845 1.
3042 2794 3109 2847 68
3142 2794 3224 2845 Νι.
3263 2794 3379 2848 160.

1127 2896 1299 2963 *150.
1393 2897 1775 2960 innueramus
1833 2895 2064 2968 (nnius)
2121 2912 2282 2976 papa
2326 2895 2803 2958 waldemarium
2860 2901 3069 2958 natum
3129 2897 3501 2959 waldemari
3558 2898 3727 2973 regis
3784 2896 4115 2958 Danorum

780 3016 890 3079 per
933 3008 1170 3080 patrem
1216 3002 1280 3063 in
1327 3017 1537 3077 regem
1586 2998 1792 3062 Daciae
1839 3000 2247 3061 constitutum
2306 2998 2420 3061 sub
2468 2999 2917 3076 protectionem
2973 2998 3132 3060 beati
3178 2998 3343 3060 Petri
3401 3003 3461 3059 et
3518 2998 3692 3061 sedis
3738 3000 4115 3079 apostolicae

780 3102 1014 3182 recipit.
1075 3140 1140 3147 --
1190 3103 1494 3179 (Pontissc.
1541 3118 1707 3164 anno
1751 3100 1961 3164 XVIII.
2011 3101 2139 3161 sive
2186 3099 2381 3174 XIX.).

1387 3204 1503 3257 Udt.
1541 3206 1558 3255 I
1593 3203 1836 3263 Theiner,
1872 3202 2056 3253 Vetera
2093 3215 2331 3275 monum.
2370 3200 2567 3253 Slavor.
2604 3199 2928 3252 meridionnl.
2965 3200 3002 3251 1.
3038 3200 3105 3254 69
3140 3200 3223 3251 Νι·.
3261 3200 3380 3255 185.

1125 3307 1298 3372 *151.
1391 3306 1775 3370 Innocsnrms
1823 3304 2051 3377 (muns,
2111 3321 2271 3385 papa
2316 3302 2623 3365 universis
2668 3302 3182 3365 Christissdelibus
3222 3319 3334 3381 per
3370 3303 3812 3367 slewicensem
3850 3306 4116 3384 provin—

779 3410 935 3470 ciam
983 3411 1338 3472 constitutis
1383 3408 1654 3487 mandat,
1703 3416 1770 3470 ut
1815 3425 2098 3487 censum,
2147 3408 2211 3468 in
2260 3423 2383 3484 quo
2430 3406 2611 3467 beato
2649 3404 2829 3467 Petro
2867 3411 3210 3484 teneantur,
3259 3408 3590 3469 restituant
3625 3413 3688 3470 et
3721 3406 4116 3485 persolvant.

781 3545 856 3557 —
905 3510 1267 3584 (Pontificat.
1316 3527 1482 3573 anno
1527 3510 1735 3573 XVIII.
1783 3512 1876 3573 vel
1921 3510 2116 3582 XIX.).

1389 3612 1505 3665 Udt.
1544 3614 1559 3663 I
1595 3611 1837 3673 TheIner,
1875 3610 2061 3663 Vetera
2095 3624 2334 3662 monum.
2373 3610 2570 3661 slavor.
2608 3608 2931 3660 meridional.
2968 3608 3003 3659 1.
3040 3608 3108 3661 69
3142 3608 3224 3659 Nr.
3256 3602 3379 3662 188.

1127 3715 1299 3781 ⁶152.
1395 3716 1776 3779 Iunocmtrius
1825 3716 2051 3787 (IIItlusi
2102 3730 2263 3795 papa
2306 3712 2622 3792 episcopis
2669 3717 2730 3773 et
2775 3711 2911 3772 aliis
2956 3710 3223 3788 praelatis
3269 3728 3380 3791 per
3404 3710 3807 3773 Lundensem
3856 3714 4121 3791 provin-

780 3820 938 3879 ciam
985 3820 1339 3880 constitutis
1385 3817 1667 3897 mandat,
1717 3824 1784 3879 ut
1827 3820 1886 3878 in
1936 3818 2046 3896 iis,
2097 3834 2233 3895 quae
2280 3815 2755 3891 archiepiscopo
2782 3812 3095 3874 Lundensi
3140 3829 3253 3892 per
3295 3828 3516 3891 papam
3556 3817 3707 3875 sunt
3743 3818 4122 3891 commissa,

781 3920 980 3982 eidem
1027 3929 1304 4001 pareant.
1358 3956 1427 3966 —
1481 3919 1784 3993 (Pontific.
1833 3936 1997 3983 anno
2045 3919 2255 3981 XVIII.
2306 3920 2432 3979 sive
2478 3915 2671 3987 XIX.).

1388 4022 1503 4074 Udt.
1543 4025 1557 4073 Ι
1595 4022 1835 4082 Theium,
1874 4021 2056 4074 Vetera
2093 4032 2333 4071 monum.
2373 4018 2571 4070 Slavor.
2609 4014 2935 4066 meridional.
2971 4014 3008 4065 1.
3045 4014 3111 4069 69
3146 4014 3230 4066 Νι.
3268 4014 3385 4069 189.

1127 4124 1302 4189 *153.
1394 4126 1777 4189 Inuocnu'nus
1825 4125 2058 4199 (Inuus,
2103 4140 2267 4203 papa
2310 4121 2786 4198 archiepiscopo
2819 4117 3135 4179 Lundensi
3169 4117 3450 4196 mandat,
3508 4126 3579 4180 ut
3622 4120 3987 4183 monachos
4047 4120 4123 4182 de

778 4224 1066 4303 Purregis
1113 4235 1360 4289 moneat
1405 4235 1466 4291 et
1510 4228 1781 4291 inducat.
1831 4238 1896 4290 ut
1940 4227 2018 4289 de
2062 4227 2249 4288 bonis
2296 4214 2579 4287 ecciesiae
2628 4222 2745 4283 sita
2790 4220 3000 4297 (sitast)
3038 4222 3213 4297 juxta
3256 4220 3561 4281 civitatem
3613 4220 4120 4299 slesvicensem,

781 4330 960 4407 cujus
1005 4328 1171 4391 hona
1215 4332 1331 4411 ipsi
1371 4330 1658 4393 monachi
1693 4330 2078 4409 possideant,
2127 4328 2419 4407 personis
2457 4324 2577 4403 ipsi
2614 4322 2895 4383 ecclesiae
2930 4321 3327 4383 deservituris
3361 4321 3747 4401 provideant.
3792 4358 3875 4369 —
3927 4324 4121 4401 (Pon-

781 4430 986 4494 tinent.
1035 4448 1199 4494 anno
1243 4434 1451 4496 XVIII.
1501 4436 1627 4496 sive
1671 4433 1868 4505 XIX.).

1391 4534 1506 4587 Udt.
1543 4538 1561 4586 i
1596 4536 1838 4597 Thoiner,
1877 4534 2059 4593 Vetera
2095 4543 2334 4583 monum.
2374 4528 2573 4581 SIavor.
2610 4524 2935 4602 meridional.
2972 4523 3008 4575 I.
3045 4522 3113 4577 69
3146 4524 3231 4575 Νι.
3269 4523 3384 4577 191.

2133 4767 2766 4858 1215-1224?
2886 4762 2892 4768 ’

823 4958 977 5024 *154
1012 4968 1110 5037 (=
1139 4962 1303 5041 626).
1397 4964 1490 5016 Det
1526 4978 1580 5016 er
1616 4964 1698 5015 vel
1743 4962 1912 5026 endog
1957 4960 2255 5016 tvivlsomt,
2307 4968 2395 5006 om
2438 4950 2757 5004 Udstederen
2804 4962 2859 5000 er
2901 4947 3091 5011 BIskop
3124 4946 3295 5007 Ebbm
3356 4953 3371 5001 I
3415 4948 3570 5002 hvert
3618 4952 3741 5002 FaId
3796 4958 3887 5005 tar
3938 4956 4126 5007 Brevet

1389 5063 1571 5115 naeppe
1605 5050 1852 5102 henrares
1887 5048 1948 5099 til
1984 5050 2038 5098 et
2070 5046 2299 5099 hestomt
2333 5041 2449 5091 Αιιι.
