4275 5759
446 506 631 572 1280.

390 625 439 680 8.
478 625 685 677 Octobr.

412 1225 461 1278 8.
500 1225 683 1277 Decbr.

444 2063 611 2129 1280

308 2165 391 2220 21.
428 2166 689 2230 Aptius-

444 2251 605 2317 1281

372 2353 455 2409 13.
494 2353 677 2407 Martii.

366 2696 437 2757 C.
478 2697 663 2764 1280.

314 4580 511 4648 1280-
522 4582 705 4648 1287.

758 359 852 432 96
1110 377 1117 387 ·
1976 350 2196 426 Kone
2235 350 2430 425 Enni
2475 347 2839 423 Guppmo.

990 626 1001 638 ”
1104 628 1278 693 *532
1368 629 1583 692 Emeus
1608 628 1835 692 Niclaes
1884 644 2000 690 sun
2049 626 2340 706 declarat,
2389 645 2478 709 se,
2529 651 2718 712 quum
2767 640 3052 704 ecclesiis
3097 633 3379 711 Anstath,
3425 629 3818 709 Wamtborp,
3871 629 4069 690 Skan-

756 732 933 812 dorp,
984 732 1371 812 matthei-op,
1417 731 1691 808 Woegnae
1739 739 1800 792 et
1842 731 1977 791 aliis
2024 733 2234 794 multis
2273 732 2545 800 diocesis
2583 737 2876 819 Ripensis
2912 759 3024 823 pro
3060 740 3318 802 decimis
3355 731 3668 814 illarumJa
3703 750 3772 794 se
3797 733 4071 811 receptis

756 835 1055 896 ducentas
1110 850 1352 895 marcas
1408 831 1803 895 denariorum
1861 831 2146 910 deberet,
2217 835 2529 917 T(uconi)‚
2595 845 2898 924 episcopo
2954 843 3232 925 Ripensi,
3305 837 3698 900 medietatem
3758 834 4070 896 bonorum

757 953 1010 999 suorum
1056 937 1118 997 in
1167 937 1613 1014 Soexoehaghae,
1681 936 2049 1014 Hiartberop
2098 938 2309 1000 march
2357 945 2417 1000 et
2460 939 2774 1027 Bonstorp
2836 947 3048 1009 march
3095 951 3398 1007 scotasse.
3447 973 3526 986 —-
3575 937 3939 1015 marmor-p,
4011 938 4072 997 in

754 1039 1031 1118 profesto
1080 1041 1278 1101 sancti
1324 1037 1593 1101 Dionisii
1638 1039 1905 1099 martiris
1953 1044 2015 1099 et
2059 1041 2375 1103 sociorum
2423 1047 2580 1123 ejus.
3327 1110 3334 1118 ,

1365 1140 1423 1191 0.
1460 1140 1686 1201 Nlelsen,
1724 1139 1961 1203 Samling
1999 1140 2053 1190 af
2083 1141 2394 1196 Adkomster
2429 1159 2475 1198 o.
2515 1161 2557 1199 s.
2594 1163 2642 1200 v.
2682 1151 2762 1202 for
2799 1151 2926 1206 Rlbe
2962 1147 3284 1214 Domkapttel
3321 1147 3371 1198 S.
3410 1142 3628 1199 15—16.

1104 1225 1279 1290 *533.
1371 1227 1657 1289 Jofflnvrus
1726 1227 2007 1306 episcopi
2076 1227 2461 1293 Revaliensis
2529 1235 2744 1299 litterae
2813 1238 2888 1300 de
2957 1235 3411 1317 compositione
3481 1229 3926 1293 controversiae
3997 1227 4074 1288 de

755 1329 1015 1390 decimis
1062 1330 1223 1391 inter
1269 1346 1336 1391 se
1382 1335 1445 1390 et
1477 1329 1742 1391 vasallos
1778 1330 1945 1406 regis
1970 1327 2217 1408 (Daciae)
2264 1339 2452 1414 ortae;
2501 1353 2691 1418 super
2726 1338 3192 1417 obligationem,
3239 1355 3312 1398 ex
3347 1350 3470 1414 qua
3502 1331 3712 1394 vasalli
3749 1332 4078 1407 sexaginta

754 1448 953 1493 uncos
1000 1433 1064 1492 in
1110 1449 1265 1492 usus
1313 1438 1542 1493 sanctae
1584 1433 1802 1516 matris
1850 1438 2077 1493 nostrae
2126 1435 2410 1497 ecclesiae
2457 1455 2662 1502 emere
2710 1440 2958 1520 debent,
3005 1443 3342 1521 episcopus
3387 1437 3623 1497 litteras
3669 1435 3836 1510 regis
3863 1431 4076 1492 Daciae

754 1533 1019 1595 dominae
1068 1551 1219 1608 suae,
1270 1525 1587 1610 quondam·
1628 1535 1879 1610 reginae,
1928 1541 1990 1595 et
2034 1537 2474 1616 episcoporum
2503 1541 2708 1626 Daciae
2755 1545 3052 1622 acquiret.
3104 1575 3178 1586 -
3229 1539 3520 1611 Kalemelc,
3569 1535 3882 1598 dominica
3925 1541 4080 1614 post

750 1635 977 1698 festum
1024 1635 1184 1699 beati
1230 1636 1469 1698 Nicolai
1514 1633 1821 1716 proxima?-

1361 1739 1557 1802 Bunge,
1594 1737 1733 1790 Liv.-
1770 1739 1944 1790 Esth.-
1980 1753 2033 1790 u.
2071 1740 2480 1796 Cnrlandisches
2516 1745 2852 1800 Urkundenb.
2890 1748 2926 1799 1.
2962 1745 3214 1802 583—84.
3310 1745 3516 1809 Bunge‚
3561 1741 3752 1794 Archiv
3801 1740 3837 1792 f.
3877 1739 4077 1792 Gescb.

1363 1823 1522 1884 Liv.-‚
1558 1824 1736 1878 Emi.-
1773 1839 1823 1875 u.
1865 1825 2128 1878 Curlands
2166 1827 2203 1880 1.
2240 1828 2357 1884 279.

2101 2039 2712 2126 1280-1281.

1098 2199 1270 2266 *534.
1358 2201 1670 2264 Lusstaws
1714 2203 1911 2266 Esus
1957 2205 2020 2266 in
2068 2204 2418 2287 Rozstock,
2489 2209 2733 2290 Ηιιιιμιι
2781 2228 2855 2273 nn
2903 2225 3107 2288 aarum,
3175 2208 3509 2284 lemanna,
3579 2203 3740 2266 filius
3797 2203 4078 2264 dominae

750 2302 1085 2383 Tibbiken,
1154 2313 1217 2367 et
1256 2303 1536 2368 Βιιιιτοιτ
1584 2305 1776 2368 Sama
1832 2304 2277 2385 fidejusserunt
2331 2328 2444 2389 pro
2491 2313 2827 2376 hereditate
2890 2311 3286 2374 Hildebrandi
3345 2309 3420 2370 de
3475 2306 3891 2384 Magdeburg,
3969 2306 4079 2383 qui

753 2404 907 2468 obiit
950 2409 1011 2468 in
1037 2406 1250 2486 Diem,
1298 2409 1465 2485 quod
1508 2409 1717 2470 nullus
1754 2408 1908 2471 alter
1940 2412 2214 2488 requiret
2247 2412 2652 2477 hereditatem
2688 2416 2877 2478 illam.
2913 2450 2996 2459 —
3029 2412 3432 2495 (δῖναι-φωναί),
3479 2413 3612 2472 sine
3647 2425 3812 2472 anno
3849 2415 3912 2470 et
3949 2407 4080 2469 die.

1364 2509 1878 2576 Heklenburgisches
1915 2512 2254 2567 Urkundenb.
2292 2505 2352 2567 X.
2390 2517 2507 2572 496.

1098 2849 1271 2917 *535
1361 2853 1768 2916 ΜΑιιεΑιιιτιιΑ
1832 2854 2152 2919 Danorum
2225 2858 2705 2940 Sclavorumque
2787 2861 2999 2940 regina
3075 2859 3370 2922 consules
3449 2866 3819 2934 ceterosque
3901 2857 4082 2918 cives

752 2954 1155 3018 Revalienses
1200 2961 1433 3036 monet,
1481 2963 1549 3019 ut
1595 2959 1808 3019 civitas
1856 2976 2069 3022 eorum
2120 2977 2304 3038 quam
2351 2963 2536 3025 citius
2583 2965 2913 3026 muniatur.
2960 2999 3043 3009 —
3089 2961 3411 3040 Alaborqh,
3459 2963 3596 3022 sine
3641 2975 3828 3022 anno.

1362 3058 1565 3123 Bunge,
1620 3060 1785 3121 le.·,
1840 3061 2015 3112 Esth.-
2072 3076 2122 3113 u.
2181 3063 2592 3117 Curlandlsehes
2640 3066 2975 3118 Urkundenb.
3016 3067 3052 3117 1.
3088 3063 3340 3119 584—85.
3440 3064 3644 3126 Bunge,
3700 3061 3920 3124 Quellen
3981 3061 4082 3112 des

1360 3143 1577 3196 Revaler
1614 3146 1938 3200 Stadtreehts
1976 3149 2034 3200 ll.
2074 3147 2156 3203 96.
2211 3149 2348 3213 fleg:
2373 3150 2501 3202 efter
2538 3151 2675 3217 Orig.
2715 3156 2730 3203 i
2769 3153 3003 3217 Beltriige
3039 3167 3079 3202 z.
3111 3150 3294 3202 Runde
3329 3149 3522 3210 Ehst.-‚
3558 3149 3700 3200 Ltv.·
3729 3146 4083 3198 u.Kur1ands

1372 3230 1433 3291 11,
1472 3231 1521 3284 2.
1560 3231 1609 3282 S.
1649 3231 1763 3286 180.

1102 3331 1276 3397 *536.
1364 3333 1774 3397 ΜΑιιῦΑιιιιτιιΑ
1819 3335 2137 3400 Danorum
2185 3339 2666 3418 sclavorumque
2713 3343 2928 3417 regina
2973 3315 3261 3403 omnibus
3307 3337 3667 3400 hominibus
3715 3343 3778 3398 et
3821 3337 4083 3400 vasallis

756 3439 922 3512 regis
966 3452 1079 3515 per
1102 3434 1415 3498 Revaliam
1459 3439 1819 3501 constitutis
1864 3441 2152 3522 injungit,
2200 3449 2268 3504 ut
2312 3443 2601 3505 auxilium
2647 3449 2984 3524 apponant,
3033 3448 3101 3505 ut
3133 3443 3346 3504 civitas
3387 3439 3772 3503 Revaliensis
3811 3437 4085 3502 firmiter

756 3540 1086 3600 muniatur.
1132 3573 1219 3584 -
1264 3539 1579 3620 Alaborqla,
1628 3542 1761 3602 sine
1808 3558 1993 3604 anno.

1365 3641 1561 3706 Bunge,
1615 3642 1786 3704 le.·‚
1842 3644 2013 3696 Esth.·
2054 3659 2109 3697 u.
2147 3646 2558 3699 Curlfindlaches
2595 3647 2932 3700 Urkundenb.
2971 3647 3005 3697 l.
3041 3645 3158 3700 585.
3241 3645 3450 3710 Bunge,
3507 3643 3724 3708 Quellen
3762 3643 3810 3695 d.
3849 3643 4082 3696 Revaler

1364 3727 1687 3802 Stadtrechts
1722 3729 1781 3780 ΙΙ.
1820 3729 2037 3786 95-96.
2108 3731 2300 3796 Regest
2335 3734 2464 3786 efter
2501 3733 2638 3797 orig.
2677 3737 2694 3784 1
2731 3732 2965 3796 Batti-ago
3001 3747 3044 3785 z.
3081 3731 3264 3784 Knnde
3301 3731 3493 3791 Ebst.-,
3533 3731 3669 3782 le.·
3709 3743 3760 3781 u.
3791 3730 4069 3782 Kurlandz

1362 3813 1423 3873 11,
1459 3814 1508 3867 2.
1546 3815 1597 3865 S.
1635 3814 1749 3870 180.

1100 3911 1273 3980 *537.
1360 3915 1767 3982 MAacAasrnA
1795 3919 2115 3984 Danorum
2139 3923 2621 3999 sclavorumque
2658 3921 2972 4001 quondam
2997 3923 3230 4000 regina,
3257 3921 3509 3983 domina
3547 3919 3844 3999 Estoniae,
3873 3917 4082 3981 abba-

751 4018 916 4079 tibus
956 4017 1031 4080 de
1056 4018 1349 4099 valkena,
1396 4019 1472 4082 de
1495 4021 1901 4102 Dunemynde
1949 4031 2009 4088 et
2046 4025 2121 4087 de
2149 4025 2476 4087 Gotlandia
2498 4025 2785 4104 injungit,
2833 4029 2900 4086 ut
2944 4023 3020 4086 de
3067 4025 3255 4086 curiis
3303 4025 3435 4086 suis
3481 4025 3544 4084 in
3592 4024 3834 4085 civitate
3861 4021 4082 4084 Reva-

754 4121 935 4182 liensi
983 4122 1117 4182 sitis
1164 4121 1239 4182 ad
1286 4126 1777 4190 contributiones
1827 4129 2087 4190 civitatis
2135 4128 2482 4190 exsolvant.
2533 4163 2606 4174 -
2657 4128 2800 4190 Sine
2849 4143 3034 4188 anno.

1361 4228 1556 4292 Bunge,
1594 4229 1751 4290 Liv.·,
1788 4229 1963 4281 Eam.-
2001 4244 2053 4281 u.
2077 4230 2490 4282 Curlandlsches
2510 4228 2846 4282 Urkundenb.
2887 4229 2922 4279 1.
2959 4227 3212 4284 585-86.
3269 4229 3466 4292 Bunge,
3505 4227 3722 4290 Quellen
3763 4227 3812 4278 d.
3849 4225 4082 4280 Revalet

1359 4315 1683 4368 Stadtrechts
1720 4315 1779 4369 Π.
1816 4315 1898 4370 95.
1989 4316 2179 4381 Regest
2213 4317 2343 4368 efter
2378 4315 2515 4380 Orig.
2554 4319 2570 4367 i
2608 4315 2842 4379 Bettrage
2879 4329 2920 4364 z.
2959 4314 3142 4367 Kunde
3193 4312 3386 4376 Ehst.-,
3427 4313 3564 4365 Liv.-
3610 4327 3663 4364 u.
3695 4312 3961 4364 Kurlands
4013 4314 4080 4374 n,

1360 4401 1410 4456 2.
1448 4403 1499 4454 S.
1540 4402 1654 4456 179.

2098 4559 2707 4645 1280-1287.

1102 4707 1275 4774 *538.
1363 4714 1663 4775 onocm
1710 4719 1771 4776 et
1815 4728 2113 4776 consutum
2163 4727 2304 4772 cum
2352 4711 2751 4773 universitate
2797 4707 3020 4770 civium
3067 4709 3129 4768 in
3177 4705 3438 4769 RavAmA
3486 4707 3700 4768 litterae
3748 4705 3824 4767 ad
3871 4705 4080 4769 advo-

757 4813 929 4869 catos
978 4815 1037 4872 et
1082 4808 1375 4875 consules
1437 4820 1559 4876 tam
1604 4815 1854 4877 Lubeke
1903 4831 2087 4894 quam
2133 4813 2356 4892 Wisby
2397 4820 2724 4874 manentes
2786 4810 2860 4872 de
2916 4810 3100 4872 bonis
3149 4809 3516 4888 quibusdam
3575 4826 3686 4889 per
3743 4809 4080 4872 dominum

756 4909 1179 4994 Eduwardum,
1229 4917 1617 4996 capitaneum
1664 4935 1855 4996 nucis,
1905 4918 2193 4980 detentis.
2245 4951 2324 4962 --
2373 4916 2517 4977 Sine
2565 4931 2750 4976 anno.

1358 5017 1693 5071 urkundenb.
1733 5019 1781 5071 d.
1821 5019 1969 5070 Stadt
2003 5019 2216 5070 Lubeck
2251 5019 2287 5069 1.
2325 5017 2576 5072 669—70.
2653 5017 2855 5080 Bunge,
2911 5014 3066 5072 Liv.-,
3106 5013 3279 5064 Ehst.-
3317 5029 3368 5064 u.
3407 5013 3815 5066 Curlandisches
3853 5014 4080 5067 Urkun-

1361 5107 1512 5158 denb.
1552 5106 1586 5156 l.
1625 5105 1739 5159 771.
1812 5107 1909 5156 Om
1946 5105 2106 5156 Tiden
2143 5105 2260 5165 jvrr'.
2301 5103 2618 5154 Bansiscbes
2655 5101 2988 5154 Urkundenh.
3029 5100 3064 5150 l.
3101 5099 3205 5153 322
3242 5114 3306 5162 og
3339 5101 3533 5164 hunge,
3573 5101 3672 5152 Das
3709 5101 4078 5164 Herzogthurn

1360 5191 1577 5242 Estland
1615 5193 1664 5242 S.
1702 5191 1817 5244 369.
