<?xml version="1.0" encoding="UTF-8"?>
<!DOCTYPE html PUBLIC "-//W3C//DTD XHTML 1.0 Transitional//EN"
    "http://www.w3.org/TR/xhtml1/DTD/xhtml1-transitional.dtd">
<html xmlns="http://www.w3.org/1999/xhtml" xml:lang="en" lang="en">
 <head>
  <title>
</title>
<meta http-equiv="Content-Type" content="text/html;charset=utf-8" />
  <meta name='ocr-system' content='tesseract 3.04.00' />
  <meta name='ocr-capabilities' content='ocr_page ocr_carea ocr_par ocr_line ocrx_word'/>
</head>
<body>
  <div class='ocr_page' id='page_1' title='image "./regestadiplomat00unkngoog_0154.png"; bbox 0 0 4275 5759; ppageno 0'>
   <div class='ocr_carea' id='block_1_1' title="bbox 785 379 2858 467">
    <p class='ocr_par' dir='ltr' id='par_1_1' title="bbox 785 379 2858 467">
     <span class='ocr_line' id='line_1_1' title="bbox 785 379 2858 467; baseline 0.001 -17"><span class='ocrx_word' id='word_1_1' title='bbox 785 379 927 450; x_wconf 81' lang='lat'>126</span> <span class='ocrx_word' id='word_1_2' title='bbox 2006 379 2224 454; x_wconf 68' lang='lat' dir='ltr'>Kone</span> <span class='ocrx_word' id='word_1_3' title='bbox 2278 379 2470 453; x_wconf 77' lang='lat' dir='ltr'><strong>me</strong></span> <span class='ocrx_word' id='word_1_4' title='bbox 2521 379 2858 467; x_wconf 64' lang='lat' dir='ltr'>Meum).</span> 
     </span>
    </p>
   </div>
   <div class='ocr_carea' id='block_1_2' title="bbox 339 541 4136 2087">
    <p class='ocr_par' dir='ltr' id='par_1_2' title="bbox 454 541 659 608">
     <span class='ocr_line' id='line_1_2' title="bbox 454 541 659 608; baseline -0.01 -4"><span class='ocrx_word' id='word_1_5' title='bbox 454 541 659 608; x_wconf 69' lang='lat'>1298?</span> 
     </span>
    </p>

    <p class='ocr_par' dir='ltr' id='par_1_3' title="bbox 776 649 4129 919">
     <span class='ocr_line' id='line_1_3' title="bbox 1128 649 4128 731; baseline -0 -16"><span class='ocrx_word' id='word_1_6' title='bbox 1128 649 1303 718; x_wconf 80' lang='lat'>*767.</span> <span class='ocrx_word' id='word_1_7' title='bbox 1397 653 1709 716; x_wconf 81' lang='lat' dir='ltr'><strong>Consules</strong></span> <span class='ocrx_word' id='word_1_8' title='bbox 1745 654 2272 718; x_wconf 65' lang='lat' dir='ltr'>Srantsunonnsns</span> <span class='ocrx_word' id='word_1_9' title='bbox 2311 653 2647 731; x_wconf 86' lang='lat' dir='ltr'>declarant,</span> <span class='ocrx_word' id='word_1_10' title='bbox 2697 672 2766 716; x_wconf 87' lang='lat' dir='ltr'>se</span> <span class='ocrx_word' id='word_1_11' title='bbox 2812 652 2953 717; x_wconf 90' lang='lat' dir='ltr'>duci</span> <span class='ocrx_word' id='word_1_12' title='bbox 2990 655 3165 717; x_wconf 82' lang='lat' dir='ltr'>Jucie</span> <span class='ocrx_word' id='word_1_13' title='bbox 3210 654 3378 715; x_wconf 90' lang='lat' dir='ltr'>mille</span> <span class='ocrx_word' id='word_1_14' title='bbox 3423 670 3666 715; x_wconf 89' lang='lat' dir='ltr'>marcas</span> <span class='ocrx_word' id='word_1_15' title='bbox 3712 654 3791 716; x_wconf 91' lang='lat' dir='ltr'>de</span> <span class='ocrx_word' id='word_1_16' title='bbox 3841 654 4128 731; x_wconf 80' lang='lat' dir='ltr'>quinque</span> 
     </span>
     <span class='ocr_line' id='line_1_4' title="bbox 778 753 4129 838; baseline 0.001 -25"><span class='ocrx_word' id='word_1_17' title='bbox 778 753 1050 815; x_wconf 86' lang='lat' dir='ltr'>millibus</span> <span class='ocrx_word' id='word_1_18' title='bbox 1110 771 1492 832; x_wconf 89' lang='lat' dir='ltr'>marcarum,</span> <span class='ocrx_word' id='word_1_19' title='bbox 1550 773 1666 835; x_wconf 89' lang='lat' dir='ltr'>pro</span> <span class='ocrx_word' id='word_1_20' title='bbox 1725 756 1951 835; x_wconf 88' lang='lat' dir='ltr'>quibus</span> <span class='ocrx_word' id='word_1_21' title='bbox 2009 758 2323 819; x_wconf 81' lang='lat' dir='ltr'>teloneum</span> <span class='ocrx_word' id='word_1_22' title='bbox 2383 775 2420 819; x_wconf 91' lang='lat' dir='ltr'>a</span> <span class='ocrx_word' id='word_1_23' title='bbox 2475 759 2732 832; x_wconf 76' lang='lat' dir='ltr'>(Wizlao</span> <span class='ocrx_word' id='word_1_24' title='bbox 2791 759 3070 838; x_wconf 79' lang='lat' dir='ltr'><strong>principe</strong></span> <span class='ocrx_word' id='word_1_25' title='bbox 3117 756 3358 833; x_wconf 79' lang='lat' dir='ltr'>Rugiae)</span> <span class='ocrx_word' id='word_1_26' title='bbox 3417 762 3736 834; x_wconf 87' lang='lat' dir='ltr'>emerunt,</span> <span class='ocrx_word' id='word_1_27' title='bbox 3799 756 4129 817; x_wconf 88' lang='lat' dir='ltr'>soluturos</span> 
     </span>
     <span class='ocr_line' id='line_1_5' title="bbox 776 857 1496 919; baseline 0.003 -2"><span class='ocrx_word' id='word_1_28' title='bbox 776 873 942 918; x_wconf 86' lang='lat' dir='ltr'>esse.</span> <span class='ocrx_word' id='word_1_29' title='bbox 996 891 1071 900; x_wconf 92' lang='lat'>—</span> <span class='ocrx_word' id='word_1_30' title='bbox 1118 857 1263 918; x_wconf 90' lang='lat' dir='ltr'>Sine</span> <span class='ocrx_word' id='word_1_31' title='bbox 1310 874 1496 919; x_wconf 90' lang='lat' dir='ltr'>anno.</span> 
     </span>
    </p>

    <p class='ocr_par' dir='ltr' id='par_1_4' title="bbox 339 959 4136 2087">
     <span class='ocr_line' id='line_1_6' title="bbox 1394 959 4127 1026; baseline -0.001 -15"><span class='ocrx_word' id='word_1_32' title='bbox 1394 960 1680 1020; x_wconf 74' lang='lat' dir='ltr'><strong>Fabricius,</strong></span> <span class='ocrx_word' id='word_1_33' title='bbox 1702 959 1804 1012; x_wconf 84' lang='lat' dir='ltr'>Das</span> <span class='ocrx_word' id='word_1_34' title='bbox 1822 961 2009 1012; x_wconf 73' lang='lat' dir='ltr'>alteste</span> <span class='ocrx_word' id='word_1_35' title='bbox 2029 961 2458 1014; x_wconf 80' lang='lat' dir='ltr'>Stralsundlsche</span> <span class='ocrx_word' id='word_1_36' title='bbox 2473 962 2763 1014; x_wconf 85' lang='lat' dir='ltr'>Stadtbnch</span> <span class='ocrx_word' id='word_1_37' title='bbox 2785 963 2838 1019; x_wconf 86' lang='lat' dir='ltr'>S.</span> <span class='ocrx_word' id='word_1_38' title='bbox 2851 963 2965 1016; x_wconf 89' lang='grc'>110.</span> <span class='ocrx_word' id='word_1_39' title='bbox 3026 961 3539 1026; x_wconf 73' lang='lat' dir='ltr'>Meklenburglscbes</span> <span class='ocrx_word' id='word_1_40' title='bbox 3557 959 3904 1012; x_wconf 84' lang='lat' dir='ltr'>Urkundenb.</span> <span class='ocrx_word' id='word_1_41' title='bbox 3923 959 3983 1010; x_wconf 81' lang='lat' dir='ltr'>x.</span> <span class='ocrx_word' id='word_1_42' title='bbox 4003 959 4127 1012; x_wconf 84' lang='lat'>513.</span> 
     </span>
     <span class='ocr_line' id='line_1_7' title="bbox 339 1221 2759 1322; baseline 0.001 -3"><span class='ocrx_word' id='word_1_43' title='bbox 339 1221 734 1290; x_wconf 84' lang='lat'>1298-1304.</span> <span class='ocrx_word' id='word_1_44' title='bbox 2148 1239 2759 1322; x_wconf 84' lang='lat'>1298—1304.</span> 
     </span>
     <span class='ocr_line' id='line_1_8' title="bbox 1118 1387 1619 1454; baseline -0.008 0"><span class='ocrx_word' id='word_1_45' title='bbox 1118 1387 1281 1454; x_wconf 78' lang='lat'>1517</span> <span class='ocrx_word' id='word_1_46' title='bbox 1330 1405 1398 1452; x_wconf 89' lang='lat' dir='ltr'>se</span> <span class='ocrx_word' id='word_1_47' title='bbox 1443 1389 1619 1454; x_wconf 82' lang='lat'>*831.</span> 
     </span>
     <span class='ocr_line' id='line_1_9' title="bbox 471 1633 2579 1733; baseline 0.001 -3"><span class='ocrx_word' id='word_1_48' title='bbox 471 1633 657 1698; x_wconf 84' lang='lat'>1299.</span> <span class='ocrx_word' id='word_1_49' title='bbox 2329 1650 2579 1733; x_wconf 88' lang='grc'>1299.</span> 
     </span>
     <span class='ocr_line' id='line_1_10' title="bbox 379 1786 3294 1881; baseline 0 -16"><span class='ocrx_word' id='word_1_50' title='bbox 379 1802 461 1857; x_wconf 83' lang='lat'>19-</span> <span class='ocrx_word' id='word_1_51' title='bbox 498 1804 711 1856; x_wconf 63' lang='grc' dir='ltr'>ωηατ.</span> <span class='ocrx_word' id='word_1_52' title='bbox 1128 1815 1311 1881; x_wconf 79' lang='lat'>1519,</span> <span class='ocrx_word' id='word_1_53' title='bbox 1404 1817 1602 1879; x_wconf 74' lang='lat' dir='ltr'>sange.</span> <span class='ocrx_word' id='word_1_54' title='bbox 1640 1815 1796 1875; x_wconf 56' lang='grc' dir='ltr'>ιω,</span> <span class='ocrx_word' id='word_1_55' title='bbox 1834 1807 2009 1867; x_wconf 66' lang='lat' dir='ltr'>nath.—</span> <span class='ocrx_word' id='word_1_56' title='bbox 2048 1786 2099 1868; x_wconf 66' lang='lat' dir='ltr'>u.</span> <span class='ocrx_word' id='word_1_57' title='bbox 2139 1815 2549 1869; x_wconf 72' lang='lat' dir='ltr'>eurundineues</span> <span class='ocrx_word' id='word_1_58' title='bbox 2585 1815 2923 1869; x_wconf 68' lang='lat' dir='ltr'>utrundenh.</span> <span class='ocrx_word' id='word_1_59' title='bbox 2963 1818 2996 1868; x_wconf 87' lang='grc' dir='ltr'>ι.</span> <span class='ocrx_word' id='word_1_60' title='bbox 3042 1815 3294 1871; x_wconf 82' lang='lat'>730—31.</span> 
     </span>
     <span class='ocr_line' id='line_1_11' title="bbox 376 1906 2620 1984; baseline 0.002 -17"><span class='ocrx_word' id='word_1_61' title='bbox 376 1906 460 1960; x_wconf 77' lang='grc'>25-</span> <span class='ocrx_word' id='word_1_62' title='bbox 496 1907 711 1958; x_wconf 75' lang='lat' dir='ltr'>Januar.</span> <span class='ocrx_word' id='word_1_63' title='bbox 1123 1919 1306 1984; x_wconf 77' lang='lat'>1520,</span> <span class='ocrx_word' id='word_1_64' title='bbox 1400 1917 1737 1971; x_wconf 74' lang='lat' dir='ltr'>urkundenb.</span> <span class='ocrx_word' id='word_1_65' title='bbox 1776 1917 1823 1968; x_wconf 80' lang='lat' dir='ltr'>d.</span> <span class='ocrx_word' id='word_1_66' title='bbox 1864 1919 2013 1971; x_wconf 71' lang='lat' dir='ltr'>sumt</span> <span class='ocrx_word' id='word_1_67' title='bbox 2046 1919 2257 1972; x_wconf 65' lang='lat' dir='ltr'>Labeon</span> <span class='ocrx_word' id='word_1_68' title='bbox 2294 1920 2330 1970; x_wconf 89' lang='lat'>1.</span> <span class='ocrx_word' id='word_1_69' title='bbox 2367 1918 2620 1974; x_wconf 80' lang='lat'>623—24.</span> 
     </span>
     <span class='ocr_line' id='line_1_12' title="bbox 378 2009 4136 2087; baseline 0 -18"><span class='ocrx_word' id='word_1_70' title='bbox 378 2009 444 2060; x_wconf 79' lang='lat'>27</span> <span class='ocrx_word' id='word_1_71' title='bbox 497 2009 709 2060; x_wconf 70' lang='lat' dir='ltr'>Jflfluffl&#39;·</span> <span class='ocrx_word' id='word_1_72' title='bbox 1126 2021 1311 2087; x_wconf 77' lang='grc'>1521,</span> <span class='ocrx_word' id='word_1_73' title='bbox 1406 2021 1612 2084; x_wconf 81' lang='lat' dir='ltr'>Bunge,</span> <span class='ocrx_word' id='word_1_74' title='bbox 1660 2019 1825 2078; x_wconf 81' lang='lat' dir='ltr'>le.-,</span> <span class='ocrx_word' id='word_1_75' title='bbox 1874 2020 2050 2072; x_wconf 67' lang='lat' dir='ltr'>Esar·</span> <span class='ocrx_word' id='word_1_76' title='bbox 2095 2037 2148 2072; x_wconf 90' lang='lat' dir='ltr'>u.</span> <span class='ocrx_word' id='word_1_77' title='bbox 2186 2022 2598 2075; x_wconf 73' lang='lat' dir='ltr'>Curiandlscbes</span> <span class='ocrx_word' id='word_1_78' title='bbox 2641 2021 2978 2075; x_wconf 79' lang='lat' dir='ltr'>urkundenb.</span> <span class='ocrx_word' id='word_1_79' title='bbox 3026 2023 3062 2072; x_wconf 93' lang='grc'>1.</span> <span class='ocrx_word' id='word_1_80' title='bbox 3108 2021 3362 2076; x_wconf 81' lang='grc'>731-32,</span> <span class='ocrx_word' id='word_1_81' title='bbox 3444 2020 3617 2084; x_wconf 76' lang='lat' dir='ltr'>Tydsk</span> <span class='ocrx_word' id='word_1_82' title='bbox 3648 2019 3766 2072; x_wconf 89' lang='lat' dir='ltr'>Udt.</span> <span class='ocrx_word' id='word_1_83' title='bbox 3804 2023 3822 2070; x_wconf 85' lang='lat' dir='ltr'>i</span> <span class='ocrx_word' id='word_1_84' title='bbox 3869 2019 4136 2071; x_wconf 77' lang='lat' dir='ltr'>zeitschr.</span> 
     </span>
    </p>
   </div>
   <div class='ocr_carea' id='block_1_3' title="bbox 1397 2105 3043 2172">
    <p class='ocr_par' dir='ltr' id='par_1_5' title="bbox 1397 2105 3043 2172">
     <span class='ocr_line' id='line_1_13' title="bbox 1397 2105 3043 2172; baseline 0 -15"><span class='ocrx_word' id='word_1_85' title='bbox 1397 2106 1430 2157; x_wconf 81' lang='lat' dir='ltr'>t.</span> <span class='ocrx_word' id='word_1_86' title='bbox 1468 2105 2212 2170; x_wconf 77' lang='lat' dir='ltr'>Schleswlg·liolst.-Lauenb.</span> <span class='ocrx_word' id='word_1_87' title='bbox 2253 2108 2439 2159; x_wconf 87' lang='lat' dir='ltr'>Gesch.</span> <span class='ocrx_word' id='word_1_88' title='bbox 2477 2107 2558 2166; x_wconf 84' lang='lat' dir='ltr'>Vl,</span> <span class='ocrx_word' id='word_1_89' title='bbox 2595 2108 2798 2172; x_wconf 80' lang='lat' dir='ltr'>Repert.</span> <span class='ocrx_word' id='word_1_90' title='bbox 2839 2109 2888 2158; x_wconf 92' lang='lat' dir='ltr'>S.</span> <span class='ocrx_word' id='word_1_91' title='bbox 2928 2107 3043 2162; x_wconf 91' lang='grc'>110.</span> 
     </span>
    </p>
   </div>
   <div class='ocr_carea' id='block_1_4' title="bbox 411 2195 4138 2494">
    <p class='ocr_par' dir='ltr' id='par_1_6' title="bbox 411 2195 4138 2494">
     <span class='ocr_line' id='line_1_14' title="bbox 411 2195 4138 2290; baseline -0.002 -16"><span class='ocrx_word' id='word_1_92' title='bbox 411 2195 711 2248; x_wconf 71' lang='lat' dir='ltr'>Februario.</span> <span class='ocrx_word' id='word_1_93' title='bbox 1132 2209 1307 2274; x_wconf 61' lang='lat'>⁴768.</span> <span class='ocrx_word' id='word_1_94' title='bbox 1398 2209 1823 2272; x_wconf 57' lang='lat' dir='ltr'>Bsnruotoum</span> <span class='ocrx_word' id='word_1_95' title='bbox 1840 2209 2146 2274; x_wconf 69' lang='lat' dir='ltr'>Ourouiu</span> <span class='ocrx_word' id='word_1_96' title='bbox 2174 2209 2248 2272; x_wconf 90' lang='lat' dir='ltr'>de</span> <span class='ocrx_word' id='word_1_97' title='bbox 2265 2212 2564 2290; x_wconf 85' lang='lat' dir='ltr'>Appamia</span> <span class='ocrx_word' id='word_1_98' title='bbox 2580 2211 2804 2273; x_wconf 86' lang='lat' dir='ltr'>notarii</span> <span class='ocrx_word' id='word_1_99' title='bbox 2828 2210 3063 2290; x_wconf 82' lang='lat' dir='ltr'>publici</span> <span class='ocrx_word' id='word_1_100' title='bbox 3085 2209 3420 2274; x_wconf 81' lang='lat' dir='ltr'>declaratio</span> <span class='ocrx_word' id='word_1_101' title='bbox 3440 2208 3514 2270; x_wconf 90' lang='lat' dir='ltr'>de</span> <span class='ocrx_word' id='word_1_102' title='bbox 3539 2209 3941 2288; x_wconf 82' lang='lat' dir='ltr'>placitatione</span> <span class='ocrx_word' id='word_1_103' title='bbox 3965 2209 4138 2268; x_wconf 89' lang='lat' dir='ltr'>iuter</span> 
     </span>
     <span class='ocr_line' id='line_1_15' title="bbox 782 2311 4132 2393; baseline -0.002 -18"><span class='ocrx_word' id='word_1_104' title='bbox 782 2314 1085 2376; x_wconf 74' lang='lat' dir='ltr'>loannem</span> <span class='ocrx_word' id='word_1_105' title='bbox 1129 2312 1527 2374; x_wconf 87' lang='lat' dir='ltr'>Lundensem</span> <span class='ocrx_word' id='word_1_106' title='bbox 1567 2311 2109 2393; x_wconf 87' lang='lat' dir='ltr'>archiepiscopum</span> <span class='ocrx_word' id='word_1_107' title='bbox 2155 2317 2216 2373; x_wconf 89' lang='lat' dir='ltr'>et</span> <span class='ocrx_word' id='word_1_108' title='bbox 2254 2313 2610 2389; x_wconf 87' lang='lat' dir='ltr'>Henricum,</span> <span class='ocrx_word' id='word_1_109' title='bbox 2659 2311 3092 2376; x_wconf 87' lang='lat' dir='ltr'>Revaliensem</span> <span class='ocrx_word' id='word_1_110' title='bbox 3129 2313 3494 2392; x_wconf 89' lang='lat' dir='ltr'>episcopum</span> <span class='ocrx_word' id='word_1_111' title='bbox 3545 2317 3607 2372; x_wconf 87' lang='lat' dir='ltr'>et</span> <span class='ocrx_word' id='word_1_112' title='bbox 3651 2317 4132 2389; x_wconf 85' lang='lat' dir='ltr'>procuratorem</span> 
     </span>
     <span class='ocr_line' id='line_1_16' title="bbox 785 2413 4134 2494; baseline -0.001 -18"><span class='ocrx_word' id='word_1_113' title='bbox 785 2417 948 2477; x_wconf 86' lang='lat' dir='ltr'>Erici</span> <span class='ocrx_word' id='word_1_114' title='bbox 998 2417 1184 2492; x_wconf 79' lang='lat' dir='ltr'>regis,</span> <span class='ocrx_word' id='word_1_115' title='bbox 1233 2433 1306 2476; x_wconf 76' lang='lat' dir='ltr'>ex</span> <span class='ocrx_word' id='word_1_116' title='bbox 1352 2431 1474 2492; x_wconf 91' lang='lat' dir='ltr'>qua</span> <span class='ocrx_word' id='word_1_117' title='bbox 1519 2413 2037 2494; x_wconf 76' lang='lat' dir='ltr'>archiepiscopus</span> <span class='ocrx_word' id='word_1_118' title='bbox 2083 2421 2256 2477; x_wconf 85' lang='lat' dir='ltr'>certo</span> <span class='ocrx_word' id='word_1_119' title='bbox 2303 2421 2584 2493; x_wconf 86' lang='lat' dir='ltr'>tempore</span> <span class='ocrx_word' id='word_1_120' title='bbox 2631 2416 2813 2476; x_wconf 84' lang='lat' dir='ltr'>Erico</span> <span class='ocrx_word' id='word_1_121' title='bbox 2859 2417 2992 2491; x_wconf 80' lang='lat' dir='ltr'>regi</span> <span class='ocrx_word' id='word_1_122' title='bbox 3037 2416 3101 2476; x_wconf 88' lang='lat' dir='ltr'>in</span> <span class='ocrx_word' id='word_1_123' title='bbox 3135 2413 3695 2493; x_wconf 74' lang='lat' dir='ltr'>Kopmanusbaffn,</span> <span class='ocrx_word' id='word_1_124' title='bbox 3745 2413 3915 2474; x_wconf 88' lang='lat' dir='ltr'>salvo</span> <span class='ocrx_word' id='word_1_125' title='bbox 3965 2430 4134 2474; x_wconf 89' lang='lat' dir='ltr'>con-</span> 
     </span>
    </p>
   </div>
   <div class='ocr_carea' id='block_1_5' title="bbox 408 2514 4132 3006">
    <p class='ocr_par' dir='ltr' id='par_1_7' title="bbox 408 2514 4132 3006">
     <span class='ocr_line' id='line_1_17' title="bbox 784 2514 3716 2594; baseline -0.001 -15"><span class='ocrx_word' id='word_1_126' title='bbox 784 2519 977 2580; x_wconf 89' lang='lat' dir='ltr'>ductu</span> <span class='ocrx_word' id='word_1_127' title='bbox 1022 2519 1187 2594; x_wconf 85' lang='lat' dir='ltr'>dato,</span> <span class='ocrx_word' id='word_1_128' title='bbox 1236 2533 1567 2579; x_wconf 89' lang='lat' dir='ltr'>occurrere</span> <span class='ocrx_word' id='word_1_129' title='bbox 1615 2514 1854 2578; x_wconf 85' lang='lat' dir='ltr'>debeat.</span> <span class='ocrx_word' id='word_1_130' title='bbox 1908 2551 1981 2562; x_wconf 94' lang='lat'>—</span> <span class='ocrx_word' id='word_1_131' title='bbox 2030 2517 2106 2576; x_wconf 81' lang='lat' dir='ltr'>In</span> <span class='ocrx_word' id='word_1_132' title='bbox 2149 2516 2394 2578; x_wconf 78' lang='lat' dir='ltr'>ecclesia</span> <span class='ocrx_word' id='word_1_133' title='bbox 2441 2515 2773 2593; x_wconf 57' lang='lat' dir='ltr'>Labeon-si,</span> <span class='ocrx_word' id='word_1_134' title='bbox 2827 2551 2907 2562; x_wconf 90' lang='lat'>——</span> <span class='ocrx_word' id='word_1_135' title='bbox 2953 2516 3052 2578; x_wconf 90' lang='lat' dir='ltr'>die</span> <span class='ocrx_word' id='word_1_136' title='bbox 3099 2518 3336 2578; x_wconf 80' lang='lat' dir='ltr'>mensis</span> <span class='ocrx_word' id='word_1_137' title='bbox 3381 2515 3716 2578; x_wconf 84' lang='lat' dir='ltr'>Februarii.</span> 
     </span>
     <span class='ocr_line' id='line_1_18' title="bbox 1400 2615 2806 2681; baseline 0.001 -13"><span class='ocrx_word' id='word_1_138' title='bbox 1400 2617 1696 2680; x_wconf 58' lang='lat' dir='ltr'>langebek,</span> <span class='ocrx_word' id='word_1_139' title='bbox 1734 2617 1983 2681; x_wconf 86' lang='lat' dir='ltr'>Scriptor.</span> <span class='ocrx_word' id='word_1_140' title='bbox 2020 2632 2120 2670; x_wconf 89' lang='lat' dir='ltr'>rer.</span> <span class='ocrx_word' id='word_1_141' title='bbox 2159 2618 2397 2670; x_wconf 74' lang='lat' dir='ltr'>Denicar.</span> <span class='ocrx_word' id='word_1_142' title='bbox 2435 2619 2514 2669; x_wconf 87' lang='lat' dir='ltr'>vl.</span> <span class='ocrx_word' id='word_1_143' title='bbox 2552 2615 2806 2672; x_wconf 74' lang='lat'>331—34.</span> 
     </span>
     <span class='ocr_line' id='line_1_19' title="bbox 442 2709 2986 2784; baseline 0 -2"><span class='ocrx_word' id='word_1_144' title='bbox 442 2709 491 2760; x_wconf 90' lang='grc'>9·</span> <span class='ocrx_word' id='word_1_145' title='bbox 528 2709 713 2760; x_wconf 58' lang='lat' dir='ltr'>“mst-</span> <span class='ocrx_word' id='word_1_146' title='bbox 1128 2719 1313 2784; x_wconf 82' lang='lat'>1526.</span> <span class='ocrx_word' id='word_1_147' title='bbox 1404 2727 1519 2780; x_wconf 82' lang='lat' dir='ltr'>For</span> <span class='ocrx_word' id='word_1_148' title='bbox 1571 2718 1730 2780; x_wconf 89' lang='lat' dir='ltr'>Vlll.</span> <span class='ocrx_word' id='word_1_149' title='bbox 1778 2720 1919 2782; x_wconf 88' lang='lat' dir='ltr'>idus</span> <span class='ocrx_word' id='word_1_150' title='bbox 1966 2721 2166 2782; x_wconf 88' lang='lat' dir='ltr'>Martii</span> <span class='ocrx_word' id='word_1_151' title='bbox 2236 2729 2345 2780; x_wconf 69' lang='grc' dir='ltr'>ιω</span> <span class='ocrx_word' id='word_1_152' title='bbox 2403 2720 2528 2782; x_wconf 90' lang='lat' dir='ltr'>vll.</span> <span class='ocrx_word' id='word_1_153' title='bbox 2577 2721 2717 2784; x_wconf 89' lang='lat' dir='ltr'>idus</span> <span class='ocrx_word' id='word_1_154' title='bbox 2763 2721 2986 2783; x_wconf 86' lang='lat' dir='ltr'>Martii.</span> 
     </span>
     <span class='ocr_line' id='line_1_20' title="bbox 1404 2821 3390 2903; baseline 0 -29"><span class='ocrx_word' id='word_1_155' title='bbox 1404 2823 1462 2874; x_wconf 89' lang='lat'>0.</span> <span class='ocrx_word' id='word_1_156' title='bbox 1500 2821 1728 2881; x_wconf 81' lang='lat' dir='ltr'>Nielsen,</span> <span class='ocrx_word' id='word_1_157' title='bbox 1768 2821 2137 2884; x_wconf 75' lang='lat' dir='ltr'>Kjebenhavns</span> <span class='ocrx_word' id='word_1_158' title='bbox 2174 2822 2608 2888; x_wconf 77' lang='lat' dir='ltr'>Dlplomatarlum</span> <span class='ocrx_word' id='word_1_159' title='bbox 2649 2824 2680 2873; x_wconf 92' lang='grc' dir='ltr'>Ι.</span> <span class='ocrx_word' id='word_1_160' title='bbox 2719 2822 2938 2876; x_wconf 80' lang='lat'>64—65.</span> <span class='ocrx_word' id='word_1_161' title='bbox 3385 2899 3390 2903; x_wconf 20' lang='grc' dir='ltr'><em>Π</em></span> 
     </span>
     <span class='ocr_line' id='line_1_21' title="bbox 408 2913 4132 3006; baseline -0 -20"><span class='ocrx_word' id='word_1_162' title='bbox 408 2913 489 2968; x_wconf 84' lang='lat'>15·</span> <span class='ocrx_word' id='word_1_163' title='bbox 527 2914 711 2966; x_wconf 50' lang='lat' dir='ltr'>¹¹⁸¹*st</span> <span class='ocrx_word' id='word_1_164' title='bbox 1132 2923 1308 2990; x_wconf 82' lang='lat'>*769.</span> <span class='ocrx_word' id='word_1_165' title='bbox 1402 2925 1707 2989; x_wconf 72' lang='lat' dir='ltr'>Bouincu</span> <span class='ocrx_word' id='word_1_166' title='bbox 1762 2924 1991 3000; x_wconf 78' lang='lat' dir='ltr'>(vlnvi)</span> <span class='ocrx_word' id='word_1_167' title='bbox 2048 2943 2224 3006; x_wconf 78' lang='lat' dir='ltr'>papae</span> <span class='ocrx_word' id='word_1_168' title='bbox 2290 2927 2540 3005; x_wconf 61' lang='lat' dir='ltr'>litterae,</span> <span class='ocrx_word' id='word_1_169' title='bbox 2612 2926 2838 3005; x_wconf 88' lang='lat' dir='ltr'>quibus</span> <span class='ocrx_word' id='word_1_170' title='bbox 2895 2923 3147 2988; x_wconf 88' lang='lat' dir='ltr'>Ysarno</span> <span class='ocrx_word' id='word_1_171' title='bbox 3205 2923 3572 2986; x_wconf 87' lang='lat' dir='ltr'>conceditur</span> <span class='ocrx_word' id='word_1_172' title='bbox 3638 2924 3899 2986; x_wconf 81' lang='lat' dir='ltr'>facultas</span> <span class='ocrx_word' id='word_1_173' title='bbox 3965 2942 4132 2985; x_wconf 90' lang='lat' dir='ltr'>con-</span> 
     </span>
    </p>
   </div>
   <div class='ocr_carea' id='block_1_6' title="bbox 785 3025 4142 3212">
    <p class='ocr_par' dir='ltr' id='par_1_8' title="bbox 785 3025 4142 3212">
     <span class='ocr_line' id='line_1_22' title="bbox 786 3025 4142 3107; baseline -0.001 -17"><span class='ocrx_word' id='word_1_174' title='bbox 786 3025 1048 3090; x_wconf 88' lang='lat' dir='ltr'>cedendi</span> <span class='ocrx_word' id='word_1_175' title='bbox 1096 3027 1278 3090; x_wconf 82' lang='lat' dir='ltr'>Erico</span> <span class='ocrx_word' id='word_1_176' title='bbox 1326 3028 1489 3105; x_wconf 83' lang='lat' dir='ltr'>regi,</span> <span class='ocrx_word' id='word_1_177' title='bbox 1548 3034 1881 3106; x_wconf 83' lang='lat' dir='ltr'>postquam</span> <span class='ocrx_word' id='word_1_178' title='bbox 1930 3027 2090 3090; x_wconf 90' lang='lat' dir='ltr'>idem</span> <span class='ocrx_word' id='word_1_179' title='bbox 2139 3028 2215 3089; x_wconf 89' lang='lat' dir='ltr'>ab</span> <span class='ocrx_word' id='word_1_180' title='bbox 2263 3029 2925 3091; x_wconf 84' lang='lat' dir='ltr'>excommunicationis</span> <span class='ocrx_word' id='word_1_181' title='bbox 2974 3029 3283 3089; x_wconf 87' lang='lat' dir='ltr'>sententia</span> <span class='ocrx_word' id='word_1_182' title='bbox 3339 3045 3450 3107; x_wconf 91' lang='lat' dir='ltr'>per</span> <span class='ocrx_word' id='word_1_183' title='bbox 3504 3027 3708 3107; x_wconf 89' lang='lat' dir='ltr'>ipsum</span> <span class='ocrx_word' id='word_1_184' title='bbox 3769 3029 3883 3088; x_wconf 88' lang='lat' dir='ltr'>rite</span> <span class='ocrx_word' id='word_1_185' title='bbox 3941 3026 4142 3088; x_wconf 76' lang='lat' dir='ltr'>fuerit</span> 
     </span>
     <span class='ocr_line' id='line_1_23' title="bbox 785 3127 4134 3212; baseline -0.001 -21"><span class='ocrx_word' id='word_1_186' title='bbox 785 3131 1145 3209; x_wconf 88' lang='lat' dir='ltr'>absolutus,</span> <span class='ocrx_word' id='word_1_187' title='bbox 1214 3135 1281 3193; x_wconf 89' lang='lat' dir='ltr'>ut</span> <span class='ocrx_word' id='word_1_188' title='bbox 1336 3131 1520 3191; x_wconf 88' lang='lat' dir='ltr'>liceat</span> <span class='ocrx_word' id='word_1_189' title='bbox 1578 3131 1634 3190; x_wconf 90' lang='lat' dir='ltr'>ei</span> <span class='ocrx_word' id='word_1_190' title='bbox 1693 3146 1804 3208; x_wconf 89' lang='lat' dir='ltr'>per</span> <span class='ocrx_word' id='word_1_191' title='bbox 1859 3130 2248 3208; x_wconf 86' lang='lat' dir='ltr'>capellanum</span> <span class='ocrx_word' id='word_1_192' title='bbox 2305 3132 2659 3212; x_wconf 87' lang='lat' dir='ltr'>proprium,</span> <span class='ocrx_word' id='word_1_193' title='bbox 2717 3137 3050 3208; x_wconf 88' lang='lat' dir='ltr'>antequam</span> <span class='ocrx_word' id='word_1_194' title='bbox 3097 3130 3422 3192; x_wconf 85' lang='lat' dir='ltr'>illucescat</span> <span class='ocrx_word' id='word_1_195' title='bbox 3465 3127 3634 3208; x_wconf 86' lang='lat' dir='ltr'>dies,</span> <span class='ocrx_word' id='word_1_196' title='bbox 3693 3129 3952 3190; x_wconf 84' lang='lat' dir='ltr'>missam</span> <span class='ocrx_word' id='word_1_197' title='bbox 4007 3129 4134 3190; x_wconf 88' lang='lat' dir='ltr'>sibi</span> 
     </span>
    </p>
   </div>
   <div class='ocr_carea' id='block_1_7' title="bbox 786 3231 3861 3398">
    <p class='ocr_par' dir='ltr' id='par_1_9' title="bbox 786 3231 3861 3398">
     <span class='ocr_line' id='line_1_24' title="bbox 786 3231 3072 3312; baseline -0.001 -18"><span class='ocrx_word' id='word_1_198' title='bbox 786 3235 993 3296; x_wconf 79' lang='lat' dir='ltr'>facere</span> <span class='ocrx_word' id='word_1_199' title='bbox 1038 3232 1361 3296; x_wconf 84' lang='lat' dir='ltr'>celebrari.</span> <span class='ocrx_word' id='word_1_200' title='bbox 1414 3267 1483 3276; x_wconf 89' lang='lat'>—</span> <span class='ocrx_word' id='word_1_201' title='bbox 1536 3231 1841 3308; x_wconf 77' lang='lat' dir='ltr'>Laterani,</span> <span class='ocrx_word' id='word_1_202' title='bbox 1888 3232 2029 3295; x_wconf 90' lang='lat' dir='ltr'>idus</span> <span class='ocrx_word' id='word_1_203' title='bbox 2076 3233 2302 3311; x_wconf 85' lang='lat' dir='ltr'>Martii,</span> <span class='ocrx_word' id='word_1_204' title='bbox 2350 3234 2572 3312; x_wconf 82' lang='lat' dir='ltr'>pontif.</span> <span class='ocrx_word' id='word_1_205' title='bbox 2620 3249 2786 3294; x_wconf 90' lang='lat' dir='ltr'>anno</span> <span class='ocrx_word' id='word_1_206' title='bbox 2835 3233 3072 3311; x_wconf 88' lang='lat' dir='ltr'>quinto.</span> 
     </span>
     <span class='ocr_line' id='line_1_25' title="bbox 1401 3331 3861 3398; baseline -0.001 -13"><span class='ocrx_word' id='word_1_207' title='bbox 1401 3334 1537 3386; x_wconf 74' lang='lat' dir='ltr'>Anu.</span> <span class='ocrx_word' id='word_1_208' title='bbox 1574 3335 1655 3386; x_wconf 76' lang='lat' dir='ltr'>for</span> <span class='ocrx_word' id='word_1_209' title='bbox 1690 3334 1838 3385; x_wconf 86' lang='lat' dir='ltr'>nord.</span> <span class='ocrx_word' id='word_1_210' title='bbox 1878 3333 2027 3386; x_wconf 78' lang='lat' dir='ltr'>Oldk.</span> <span class='ocrx_word' id='word_1_211' title='bbox 2068 3333 2204 3388; x_wconf 87' lang='grc'>1860</span> <span class='ocrx_word' id='word_1_212' title='bbox 2239 3336 2291 3386; x_wconf 85' lang='grc'>8.</span> <span class='ocrx_word' id='word_1_213' title='bbox 2329 3335 2445 3388; x_wconf 83' lang='lat'>155.</span> <span class='ocrx_word' id='word_1_214' title='bbox 2519 3334 2726 3386; x_wconf 86' lang='lat' dir='ltr'>Brudst.</span> <span class='ocrx_word' id='word_1_215' title='bbox 2765 3337 2782 3384; x_wconf 87' lang='lat' dir='ltr'>l</span> <span class='ocrx_word' id='word_1_216' title='bbox 2819 3331 3068 3398; x_wconf 76' lang='lat' dir='ltr'>Raynald,</span> <span class='ocrx_word' id='word_1_217' title='bbox 3106 3333 3318 3384; x_wconf 88' lang='lat' dir='ltr'>Contln.</span> <span class='ocrx_word' id='word_1_218' title='bbox 3356 3333 3543 3384; x_wconf 78' lang='lat' dir='ltr'>Baton.</span> <span class='ocrx_word' id='word_1_219' title='bbox 3581 3331 3705 3383; x_wconf 77' lang='grc' dir='ltr'>ΧΠ.</span> <span class='ocrx_word' id='word_1_220' title='bbox 3742 3331 3861 3386; x_wconf 77' lang='lat'>527.</span> 
     </span>
    </p>
   </div>
   <div class='ocr_carea' id='block_1_8' title="bbox 398 3425 4138 3585">
    <p class='ocr_par' dir='ltr' id='par_1_10' title="bbox 398 3425 4138 3585">
     <span class='ocr_line' id='line_1_26' title="bbox 398 3425 4138 3511; baseline 0 -25"><span class='ocrx_word' id='word_1_221' title='bbox 398 3425 479 3480; x_wconf 83' lang='grc'>17-</span> <span class='ocrx_word' id='word_1_222' title='bbox 520 3427 719 3477; x_wconf 62' lang='lat' dir='ltr'>Mari-11?</span> <span class='ocrx_word' id='word_1_223' title='bbox 806 3435 1311 3511; x_wconf 77' lang='lat'>*770(=1534),</span> <span class='ocrx_word' id='word_1_224' title='bbox 1403 3435 1769 3502; x_wconf 75' lang='lat' dir='ltr'>Lappenberg‚</span> <span class='ocrx_word' id='word_1_225' title='bbox 1840 3435 2286 3501; x_wconf 79' lang='lat' dir='ltr'>flamburglsches</span> <span class='ocrx_word' id='word_1_226' title='bbox 2348 3436 2779 3490; x_wconf 84' lang='lat' dir='ltr'>Urlmndenbueh</span> <span class='ocrx_word' id='word_1_227' title='bbox 2849 3435 2885 3487; x_wconf 91' lang='lat'>1.</span> <span class='ocrx_word' id='word_1_228' title='bbox 2953 3435 3054 3490; x_wconf 80' lang='lat'>758</span> <span class='ocrx_word' id='word_1_229' title='bbox 3115 3435 3268 3502; x_wconf 81' lang='lat' dir='ltr'>(hvor</span> <span class='ocrx_word' id='word_1_230' title='bbox 3327 3435 3418 3488; x_wconf 89' lang='lat' dir='ltr'>der</span> <span class='ocrx_word' id='word_1_231' title='bbox 3479 3435 3730 3487; x_wconf 76' lang='lat' dir='ltr'>foreslaas</span> <span class='ocrx_word' id='word_1_232' title='bbox 3791 3434 3874 3486; x_wconf 74' lang='lat' dir='ltr'>for</span> <span class='ocrx_word' id='word_1_233' title='bbox 3935 3435 4138 3486; x_wconf 78' lang='lat' dir='ltr'>Datum</span> 
     </span>
     <span class='ocr_line' id='line_1_27' title="bbox 1402 3520 3450 3585; baseline -0 -14"><span class='ocrx_word' id='word_1_234' title='bbox 1402 3521 1527 3572; x_wconf 74' lang='lat' dir='ltr'>xvi.</span> <span class='ocrx_word' id='word_1_235' title='bbox 1563 3522 1773 3585; x_wconf 74' lang='lat' dir='ltr'>Aprilis.</span> <span class='ocrx_word' id='word_1_236' title='bbox 1809 3534 1927 3573; x_wconf 76' lang='lat' dir='ltr'>som</span> <span class='ocrx_word' id='word_1_237' title='bbox 1965 3520 2103 3574; x_wconf 89' lang='lat' dir='ltr'>uden</span> <span class='ocrx_word' id='word_1_238' title='bbox 2140 3523 2289 3573; x_wconf 79' lang='lat' dir='ltr'>Tvtvl</span> <span class='ocrx_word' id='word_1_239' title='bbox 2325 3523 2420 3574; x_wconf 82' lang='lat' dir='ltr'>ber</span> <span class='ocrx_word' id='word_1_240' title='bbox 2455 3528 2634 3580; x_wconf 83' lang='lat' dir='ltr'>rettes,</span> <span class='ocrx_word' id='word_1_241' title='bbox 2673 3527 2727 3573; x_wconf 86' lang='lat' dir='ltr'>at</span> <span class='ocrx_word' id='word_1_242' title='bbox 2761 3521 2887 3573; x_wconf 78' lang='lat' dir='ltr'>loese</span> <span class='ocrx_word' id='word_1_243' title='bbox 2919 3521 3046 3573; x_wconf 74' lang='lat' dir='ltr'>XVI.</span> <span class='ocrx_word' id='word_1_244' title='bbox 3083 3522 3182 3574; x_wconf 79' lang='lat' dir='ltr'>kal.</span> <span class='ocrx_word' id='word_1_245' title='bbox 3221 3521 3450 3585; x_wconf 70' lang='lat' dir='ltr'>Aprilis).</span> 
     </span>
    </p>
   </div>
   <div class='ocr_carea' id='block_1_9' title="bbox 410 3611 4138 3806">
    <p class='ocr_par' dir='ltr' id='par_1_11' title="bbox 410 3611 4138 3806">
     <span class='ocr_line' id='line_1_28' title="bbox 410 3611 4138 3704; baseline -0.001 -15"><span class='ocrx_word' id='word_1_246' title='bbox 410 3611 492 3666; x_wconf 78' lang='lat'>18·</span> <span class='ocrx_word' id='word_1_247' title='bbox 530 3613 715 3665; x_wconf 58' lang='lat' dir='ltr'>umu-</span> <span class='ocrx_word' id='word_1_248' title='bbox 1140 3623 1312 3688; x_wconf 79' lang='lat'>*771.</span> <span class='ocrx_word' id='word_1_249' title='bbox 1402 3625 1708 3689; x_wconf 72' lang='lat' dir='ltr'>Boruncu</span> <span class='ocrx_word' id='word_1_250' title='bbox 1766 3623 1993 3698; x_wconf 73' lang='lat' dir='ltr'>(vinu)</span> <span class='ocrx_word' id='word_1_251' title='bbox 2051 3641 2226 3704; x_wconf 81' lang='lat' dir='ltr'>papae</span> <span class='ocrx_word' id='word_1_252' title='bbox 2279 3626 2528 3703; x_wconf 80' lang='lat' dir='ltr'>litterae,</span> <span class='ocrx_word' id='word_1_253' title='bbox 2591 3625 2820 3703; x_wconf 86' lang='lat' dir='ltr'>quibus</span> <span class='ocrx_word' id='word_1_254' title='bbox 2877 3627 3096 3687; x_wconf 89' lang='lat' dir='ltr'>nuntio</span> <span class='ocrx_word' id='word_1_255' title='bbox 3143 3625 3383 3686; x_wconf 83' lang='lat' dir='ltr'>Ysarno</span> <span class='ocrx_word' id='word_1_256' title='bbox 3441 3620 3808 3686; x_wconf 80' lang='lat' dir='ltr'>conceditur</span> <span class='ocrx_word' id='word_1_257' title='bbox 3861 3623 4138 3686; x_wconf 78' lang='lat' dir='ltr'>facultas</span> 
     </span>
     <span class='ocr_line' id='line_1_29' title="bbox 786 3723 4138 3806; baseline -0.001 -18"><span class='ocrx_word' id='word_1_258' title='bbox 786 3726 1128 3806; x_wconf 90' lang='lat' dir='ltr'>recipiendi</span> <span class='ocrx_word' id='word_1_259' title='bbox 1176 3734 1302 3788; x_wconf 88' lang='lat' dir='ltr'>tres</span> <span class='ocrx_word' id='word_1_260' title='bbox 1349 3727 1615 3788; x_wconf 90' lang='lat' dir='ltr'>clericos</span> <span class='ocrx_word' id='word_1_261' title='bbox 1650 3727 1813 3788; x_wconf 88' lang='lat' dir='ltr'>Erici</span> <span class='ocrx_word' id='word_1_262' title='bbox 1860 3728 2027 3803; x_wconf 86' lang='lat' dir='ltr'>regis</span> <span class='ocrx_word' id='word_1_263' title='bbox 2072 3729 2135 3786; x_wconf 87' lang='lat' dir='ltr'>in</span> <span class='ocrx_word' id='word_1_264' title='bbox 2184 3729 2526 3789; x_wconf 87' lang='lat' dir='ltr'>canonicos</span> <span class='ocrx_word' id='word_1_265' title='bbox 2573 3732 2635 3790; x_wconf 89' lang='lat' dir='ltr'>et</span> <span class='ocrx_word' id='word_1_266' title='bbox 2673 3725 3038 3806; x_wconf 85' lang='lat' dir='ltr'>providendi</span> <span class='ocrx_word' id='word_1_267' title='bbox 3072 3729 3164 3789; x_wconf 90' lang='lat' dir='ltr'>eis</span> <span class='ocrx_word' id='word_1_268' title='bbox 3198 3727 3274 3790; x_wconf 93' lang='lat' dir='ltr'>de</span> <span class='ocrx_word' id='word_1_269' title='bbox 3313 3724 3670 3806; x_wconf 87' lang='lat' dir='ltr'>prebendis.</span> <span class='ocrx_word' id='word_1_270' title='bbox 3713 3759 3782 3768; x_wconf 91' lang='lat'><em>-</em></span> <span class='ocrx_word' id='word_1_271' title='bbox 3819 3723 4138 3804; x_wconf 77' lang='lat' dir='ltr'>Laterani,</span> 
     </span>
    </p>
   </div>
   <div class='ocr_carea' id='block_1_10' title="bbox 786 3829 2584 3986">
    <p class='ocr_par' dir='ltr' id='par_1_12' title="bbox 786 3829 2584 3986">
     <span class='ocr_line' id='line_1_30' title="bbox 786 3829 2067 3909; baseline -0.002 -17"><span class='ocrx_word' id='word_1_272' title='bbox 786 3829 913 3892; x_wconf 86' lang='lat' dir='ltr'>XV.</span> <span class='ocrx_word' id='word_1_273' title='bbox 963 3829 1082 3888; x_wconf 82' lang='lat' dir='ltr'>kal.</span> <span class='ocrx_word' id='word_1_274' title='bbox 1131 3829 1300 3909; x_wconf 85' lang='lat' dir='ltr'>Apr.,</span> <span class='ocrx_word' id='word_1_275' title='bbox 1347 3829 1567 3908; x_wconf 86' lang='lat' dir='ltr'>pontif.</span> <span class='ocrx_word' id='word_1_276' title='bbox 1616 3845 1780 3891; x_wconf 89' lang='lat' dir='ltr'>anno</span> <span class='ocrx_word' id='word_1_277' title='bbox 1828 3831 2067 3907; x_wconf 86' lang='lat' dir='ltr'>quinto.</span> 
     </span>
     <span class='ocr_line' id='line_1_31' title="bbox 1401 3930 2584 3986; baseline 0 -4"><span class='ocrx_word' id='word_1_278' title='bbox 1401 3931 1537 3982; x_wconf 74' lang='lat' dir='ltr'>Anu.</span> <span class='ocrx_word' id='word_1_279' title='bbox 1574 3932 1656 3982; x_wconf 80' lang='lat' dir='ltr'>for</span> <span class='ocrx_word' id='word_1_280' title='bbox 1692 3931 1841 3983; x_wconf 86' lang='lat' dir='ltr'>nord.</span> <span class='ocrx_word' id='word_1_281' title='bbox 1880 3931 2027 3982; x_wconf 75' lang='lat' dir='ltr'>Oldk.</span> <span class='ocrx_word' id='word_1_282' title='bbox 2065 3930 2204 3986; x_wconf 87' lang='lat'>1860</span> <span class='ocrx_word' id='word_1_283' title='bbox 2241 3933 2292 3982; x_wconf 92' lang='lat' dir='ltr'>S.</span> <span class='ocrx_word' id='word_1_284' title='bbox 2331 3930 2584 3985; x_wconf 80' lang='lat'>154—55.</span> 
     </span>
    </p>
   </div>
   <div class='ocr_carea' id='block_1_11' title="bbox 411 4025 4138 4814">
    <p class='ocr_par' dir='ltr' id='par_1_13' title="bbox 411 4025 4137 4320">
     <span class='ocr_line' id='line_1_32' title="bbox 411 4025 4137 4115; baseline -0.001 -16"><span class='ocrx_word' id='word_1_285' title='bbox 411 4025 493 4080; x_wconf 79' lang='lat'>18·</span> <span class='ocrx_word' id='word_1_286' title='bbox 528 4026 715 4076; x_wconf 71' lang='lat' dir='ltr'>nartu.</span> <span class='ocrx_word' id='word_1_287' title='bbox 1136 4032 1313 4098; x_wconf 65' lang='lat'>*772</span> <span class='ocrx_word' id='word_1_288' title='bbox 1402 4034 1709 4098; x_wconf 70' lang='lat' dir='ltr'>Bounucu</span> <span class='ocrx_word' id='word_1_289' title='bbox 1757 4033 1984 4108; x_wconf 71' lang='lat' dir='ltr'>(vum)</span> <span class='ocrx_word' id='word_1_290' title='bbox 2036 4052 2210 4115; x_wconf 81' lang='lat' dir='ltr'>papae</span> <span class='ocrx_word' id='word_1_291' title='bbox 2272 4035 2520 4113; x_wconf 65' lang='lat' dir='ltr'>litterae,</span> <span class='ocrx_word' id='word_1_292' title='bbox 2584 4033 2810 4111; x_wconf 86' lang='lat' dir='ltr'>quibus</span> <span class='ocrx_word' id='word_1_293' title='bbox 2868 4035 3088 4096; x_wconf 90' lang='lat' dir='ltr'>nuntio</span> <span class='ocrx_word' id='word_1_294' title='bbox 3133 4033 3374 4095; x_wconf 82' lang='lat' dir='ltr'>Ysarno</span> <span class='ocrx_word' id='word_1_295' title='bbox 3428 4030 3688 4094; x_wconf 73' lang='lat' dir='ltr'>facultas</span> <span class='ocrx_word' id='word_1_296' title='bbox 3735 4032 4137 4110; x_wconf 89' lang='lat' dir='ltr'>conceditur,</span> 
     </span>
     <span class='ocr_line' id='line_1_33' title="bbox 788 4134 4136 4216; baseline -0.001 -17"><span class='ocrx_word' id='word_1_297' title='bbox 788 4143 857 4199; x_wconf 86' lang='lat' dir='ltr'>ut</span> <span class='ocrx_word' id='word_1_298' title='bbox 900 4137 1311 4216; x_wconf 86' lang='lat' dir='ltr'>impedientes</span> <span class='ocrx_word' id='word_1_299' title='bbox 1362 4154 1576 4216; x_wconf 87' lang='lat' dir='ltr'>pacem</span> <span class='ocrx_word' id='word_1_300' title='bbox 1626 4144 1687 4198; x_wconf 91' lang='lat' dir='ltr'>et</span> <span class='ocrx_word' id='word_1_301' title='bbox 1733 4138 2002 4215; x_wconf 88' lang='lat' dir='ltr'>quietem</span> <span class='ocrx_word' id='word_1_302' title='bbox 2055 4139 2230 4214; x_wconf 86' lang='lat' dir='ltr'>regni</span> <span class='ocrx_word' id='word_1_303' title='bbox 2277 4137 2454 4198; x_wconf 82' lang='lat' dir='ltr'>Datis</span> <span class='ocrx_word' id='word_1_304' title='bbox 2510 4153 2622 4215; x_wconf 91' lang='lat' dir='ltr'>per</span> <span class='ocrx_word' id='word_1_305' title='bbox 2673 4153 2998 4198; x_wconf 87' lang='lat' dir='ltr'>censuram</span> <span class='ocrx_word' id='word_1_306' title='bbox 3059 4136 3552 4197; x_wconf 86' lang='lat' dir='ltr'>ecclesiasticam</span> <span class='ocrx_word' id='word_1_307' title='bbox 3607 4134 3685 4195; x_wconf 87' lang='lat' dir='ltr'>ad</span> <span class='ocrx_word' id='word_1_308' title='bbox 3741 4135 4005 4196; x_wconf 88' lang='lat' dir='ltr'>omnino</span> <span class='ocrx_word' id='word_1_309' title='bbox 4057 4135 4136 4196; x_wconf 90' lang='lat' dir='ltr'>ab</span> 
     </span>
     <span class='ocr_line' id='line_1_34' title="bbox 788 4231 4025 4320; baseline -0 -20"><span class='ocrx_word' id='word_1_310' title='bbox 788 4239 1250 4319; x_wconf 88' lang='lat' dir='ltr'>impedimentis</span> <span class='ocrx_word' id='word_1_311' title='bbox 1298 4237 1725 4301; x_wconf 87' lang='lat' dir='ltr'>desistendum</span> <span class='ocrx_word' id='word_1_312' title='bbox 1774 4239 2127 4320; x_wconf 90' lang='lat' dir='ltr'>compellat.</span> <span class='ocrx_word' id='word_1_313' title='bbox 2178 4275 2256 4284; x_wconf 95' lang='lat'><strong>—</strong></span> <span class='ocrx_word' id='word_1_314' title='bbox 2307 4239 2608 4316; x_wconf 79' lang='lat' dir='ltr'>Laterani,</span> <span class='ocrx_word' id='word_1_315' title='bbox 2655 4239 2780 4302; x_wconf 86' lang='lat' dir='ltr'>XV.</span> <span class='ocrx_word' id='word_1_316' title='bbox 2828 4239 2948 4300; x_wconf 81' lang='lat' dir='ltr'>kal.</span> <span class='ocrx_word' id='word_1_317' title='bbox 3001 4239 3246 4318; x_wconf 81' lang='lat' dir='ltr'>Aprilis,</span> <span class='ocrx_word' id='word_1_318' title='bbox 3295 4237 3514 4318; x_wconf 83' lang='lat' dir='ltr'>pontif.</span> <span class='ocrx_word' id='word_1_319' title='bbox 3562 4231 3728 4298; x_wconf 81' lang='lat' dir='ltr'>a&#39;nno</span> <span class='ocrx_word' id='word_1_320' title='bbox 3777 4239 4025 4314; x_wconf 88' lang='lat' dir='ltr'>quinto.</span> 
     </span>
    </p>

    <p class='ocr_par' dir='ltr' id='par_1_14' title="bbox 1400 4339 2441 4395">
     <span class='ocr_line' id='line_1_35' title="bbox 1400 4339 2441 4395; baseline -0.001 -3"><span class='ocrx_word' id='word_1_321' title='bbox 1400 4342 1536 4393; x_wconf 76' lang='lat' dir='ltr'>Anu.</span> <span class='ocrx_word' id='word_1_322' title='bbox 1572 4342 1654 4393; x_wconf 74' lang='lat' dir='ltr'>for</span> <span class='ocrx_word' id='word_1_323' title='bbox 1690 4340 1839 4392; x_wconf 88' lang='lat' dir='ltr'>nord.</span> <span class='ocrx_word' id='word_1_324' title='bbox 1877 4340 2025 4393; x_wconf 76' lang='lat' dir='ltr'>Oldk.</span> <span class='ocrx_word' id='word_1_325' title='bbox 2062 4339 2200 4395; x_wconf 87' lang='grc'>1860</span> <span class='ocrx_word' id='word_1_326' title='bbox 2235 4341 2286 4392; x_wconf 90' lang='lat' dir='ltr'>S.</span> <span class='ocrx_word' id='word_1_327' title='bbox 2325 4340 2441 4395; x_wconf 82' lang='lat'>154.</span> 
     </span>
    </p>

    <p class='ocr_par' dir='ltr' id='par_1_15' title="bbox 412 4436 3766 4522">
     <span class='ocr_line' id='line_1_36' title="bbox 412 4436 3766 4522; baseline 0.001 -30"><span class='ocrx_word' id='word_1_328' title='bbox 412 4437 494 4492; x_wconf 89' lang='grc'>18.</span> <span class='ocrx_word' id='word_1_329' title='bbox 531 4436 716 4488; x_wconf 69' lang='lat' dir='ltr'>nurui.</span> <span class='ocrx_word' id='word_1_330' title='bbox 1132 4443 1311 4510; x_wconf 75' lang='lat'>1529,</span> <span class='ocrx_word' id='word_1_331' title='bbox 1401 4443 1518 4495; x_wconf 87' lang='lat' dir='ltr'>Udt.</span> <span class='ocrx_word' id='word_1_332' title='bbox 1556 4445 1575 4494; x_wconf 87' lang='lat'>1</span> <span class='ocrx_word' id='word_1_333' title='bbox 1612 4441 1857 4503; x_wconf 76' lang='lat' dir='ltr'>Por-than,</span> <span class='ocrx_word' id='word_1_334' title='bbox 1894 4444 2140 4495; x_wconf 74' lang='lat' dir='ltr'>Accesslo</span> <span class='ocrx_word' id='word_1_335' title='bbox 2177 4443 2230 4494; x_wconf 89' lang='lat' dir='ltr'>S.</span> <span class='ocrx_word' id='word_1_336' title='bbox 2265 4443 2486 4500; x_wconf 85' lang='grc'>66-67.</span> <span class='ocrx_word' id='word_1_337' title='bbox 3721 4505 3766 4522; x_wconf 42' lang='lat' dir='ltr'><em>d</em></span> 
     </span>
    </p>

    <p class='ocr_par' dir='ltr' id='par_1_16' title="bbox 412 4541 4138 4686">
     <span class='ocr_line' id='line_1_37' title="bbox 412 4541 4138 4612; baseline -0.001 -15"><span class='ocrx_word' id='word_1_338' title='bbox 412 4541 492 4597; x_wconf 91' lang='lat'>18.</span> <span class='ocrx_word' id='word_1_339' title='bbox 530 4543 716 4593; x_wconf 64' lang='lat' dir='ltr'>Martii.</span> <span class='ocrx_word' id='word_1_340' title='bbox 1130 4547 1316 4612; x_wconf 71' lang='lat'>1530,</span> <span class='ocrx_word' id='word_1_341' title='bbox 1408 4547 1614 4610; x_wconf 81' lang='lat' dir='ltr'>Bunge,</span> <span class='ocrx_word' id='word_1_342' title='bbox 1670 4547 1835 4607; x_wconf 80' lang='lat' dir='ltr'>le.-,</span> <span class='ocrx_word' id='word_1_343' title='bbox 1894 4545 2069 4596; x_wconf 66' lang='lat' dir='ltr'>Estn-</span> <span class='ocrx_word' id='word_1_344' title='bbox 2114 4558 2167 4596; x_wconf 91' lang='lat' dir='ltr'>u.</span> <span class='ocrx_word' id='word_1_345' title='bbox 2215 4545 2627 4597; x_wconf 71' lang='lat' dir='ltr'>Curlandlscbes</span> <span class='ocrx_word' id='word_1_346' title='bbox 2670 4545 3010 4598; x_wconf 80' lang='lat' dir='ltr'>Urkundenb.</span> <span class='ocrx_word' id='word_1_347' title='bbox 3058 4544 3093 4594; x_wconf 92' lang='lat' dir='ltr'>l.</span> <span class='ocrx_word' id='word_1_348' title='bbox 3145 4543 3395 4599; x_wconf 78' lang='lat'>732—33.</span> <span class='ocrx_word' id='word_1_349' title='bbox 3484 4542 3818 4607; x_wconf 62' lang='lat' dir='ltr'>&#39;turgentem</span> <span class='ocrx_word' id='word_1_350' title='bbox 3869 4542 4138 4596; x_wconf 78' lang='lat' dir='ltr'>Historica</span> 
     </span>
     <span class='ocr_line' id='line_1_38' title="bbox 1401 4629 2160 4686; baseline -0.003 -2"><span class='ocrx_word' id='word_1_351' title='bbox 1401 4631 1605 4684; x_wconf 69' lang='lat' dir='ltr'>Russlae</span> <span class='ocrx_word' id='word_1_352' title='bbox 1640 4633 1966 4686; x_wconf 84' lang='lat' dir='ltr'>monimenta</span> <span class='ocrx_word' id='word_1_353' title='bbox 2003 4632 2039 4683; x_wconf 86' lang='lat' dir='ltr'>l.</span> <span class='ocrx_word' id='word_1_354' title='bbox 2074 4629 2160 4685; x_wconf 88' lang='grc'>86.</span> 
     </span>
    </p>

    <p class='ocr_par' dir='ltr' id='par_1_17' title="bbox 411 4729 4133 4814">
     <span class='ocr_line' id='line_1_39' title="bbox 411 4729 4133 4814; baseline -0.002 -14"><span class='ocrx_word' id='word_1_355' title='bbox 411 4732 496 4786; x_wconf 82' lang='lat'>23.</span> <span class='ocrx_word' id='word_1_356' title='bbox 532 4733 716 4784; x_wconf 61' lang='lat' dir='ltr'><strong>Ussrffl·</strong></span> <span class='ocrx_word' id='word_1_357' title='bbox 1140 4735 1313 4801; x_wconf 76' lang='lat'>²773.</span> <span class='ocrx_word' id='word_1_358' title='bbox 1404 4735 1805 4814; x_wconf 62' lang='lat' dir='ltr'>Wuuussm,</span> <span class='ocrx_word' id='word_1_359' title='bbox 1879 4735 2226 4797; x_wconf 84' lang='lat' dir='ltr'>sacerdotis</span> <span class='ocrx_word' id='word_1_360' title='bbox 2293 4740 2355 4798; x_wconf 89' lang='lat' dir='ltr'>et</span> <span class='ocrx_word' id='word_1_361' title='bbox 2419 4733 2667 4813; x_wconf 87' lang='lat' dir='ltr'>plebani</span> <span class='ocrx_word' id='word_1_362' title='bbox 2735 4735 3018 4796; x_wconf 78' lang='lat' dir='ltr'>ecclesiae</span> <span class='ocrx_word' id='word_1_363' title='bbox 3089 4735 3150 4793; x_wconf 91' lang='lat' dir='ltr'>in</span> <span class='ocrx_word' id='word_1_364' title='bbox 3223 4732 3615 4810; x_wconf 86' lang='lat' dir='ltr'>Scaproden,</span> <span class='ocrx_word' id='word_1_365' title='bbox 3685 4729 4133 4793; x_wconf 81' lang='lat' dir='ltr'>Roskildensis</span> 
     </span>
    </p>
   </div>
   <div class='ocr_carea' id='block_1_12' title="bbox 788 4835 4132 5016">
    <p class='ocr_par' dir='ltr' id='par_1_18' title="bbox 788 4835 4132 5016">
     <span class='ocr_line' id='line_1_40' title="bbox 788 4835 4130 4916; baseline -0.001 -17"><span class='ocrx_word' id='word_1_366' title='bbox 788 4839 1096 4916; x_wconf 88' lang='lat' dir='ltr'>diocesis,</span> <span class='ocrx_word' id='word_1_367' title='bbox 1164 4855 1307 4900; x_wconf 92' lang='lat' dir='ltr'>cum</span> <span class='ocrx_word' id='word_1_368' title='bbox 1364 4837 1657 4900; x_wconf 78' lang='lat' dir='ltr'>fratribus</span> <span class='ocrx_word' id='word_1_369' title='bbox 1716 4839 2078 4899; x_wconf 86' lang='lat' dir='ltr'>monasterii</span> <span class='ocrx_word' id='word_1_370' title='bbox 2135 4835 2293 4898; x_wconf 78' lang='lat' dir='ltr'>Novi</span> <span class='ocrx_word' id='word_1_371' title='bbox 2351 4836 2568 4916; x_wconf 90' lang='lat' dir='ltr'>Campi</span> <span class='ocrx_word' id='word_1_372' title='bbox 2627 4837 3004 4916; x_wconf 88' lang='lat' dir='ltr'>compositio</span> <span class='ocrx_word' id='word_1_373' title='bbox 3073 4837 3198 4899; x_wconf 88' lang='lat' dir='ltr'>litis</span> <span class='ocrx_word' id='word_1_374' title='bbox 3271 4841 3528 4916; x_wconf 91' lang='lat' dir='ltr'>propter</span> <span class='ocrx_word' id='word_1_375' title='bbox 3586 4835 4130 4896; x_wconf 86' lang='lat' dir='ltr'>constructionem</span> 
     </span>
     <span class='ocr_line' id='line_1_41' title="bbox 789 4937 4132 5016; baseline -0.001 -14"><span class='ocrx_word' id='word_1_376' title='bbox 789 4939 1046 5002; x_wconf 66' lang='lat' dir='ltr'>abbatiae</span> <span class='ocrx_word' id='word_1_377' title='bbox 1118 4941 1180 5001; x_wconf 93' lang='lat' dir='ltr'>in</span> <span class='ocrx_word' id='word_1_378' title='bbox 1247 4941 1455 5002; x_wconf 90' lang='lat' dir='ltr'>insula</span> <span class='ocrx_word' id='word_1_379' title='bbox 1512 4939 1835 5001; x_wconf 84' lang='lat' dir='ltr'>Hiddense</span> <span class='ocrx_word' id='word_1_380' title='bbox 1904 4945 2165 5016; x_wconf 80' lang='lat' dir='ltr'>exortae3</span> <span class='ocrx_word' id='word_1_381' title='bbox 2236 4943 2532 5014; x_wconf 80' lang='lat' dir='ltr'>magister</span> <span class='ocrx_word' id='word_1_382' title='bbox 2599 4937 2830 5001; x_wconf 83' lang='lat' dir='ltr'>olavus</span> <span class='ocrx_word' id='word_1_383' title='bbox 2896 4946 2960 5001; x_wconf 91' lang='lat' dir='ltr'>et</span> <span class='ocrx_word' id='word_1_384' title='bbox 3027 4939 3322 5015; x_wconf 86' lang='lat' dir='ltr'>magister</span> <span class='ocrx_word' id='word_1_385' title='bbox 3377 4937 3764 5015; x_wconf 86' lang='lat' dir='ltr'>Florentius,</span> <span class='ocrx_word' id='word_1_386' title='bbox 3833 4938 4132 4999; x_wconf 85' lang='lat' dir='ltr'>canonici</span> 
     </span>
    </p>
   </div>
   <div class='ocr_carea' id='block_1_13' title="bbox 788 5040 3425 5207">
    <p class='ocr_par' dir='ltr' id='par_1_19' title="bbox 788 5040 3425 5207">
     <span class='ocr_line' id='line_1_42' title="bbox 788 5040 3425 5125; baseline -0.001 -20"><span class='ocrx_word' id='word_1_387' title='bbox 788 5043 1268 5125; x_wconf 68' lang='lat' dir='ltr'>Rosxrtunsss,</span> <span class='ocrx_word' id='word_1_388' title='bbox 1313 5043 1737 5105; x_wconf 89' lang='lat' dir='ltr'>nominantur.</span> <span class='ocrx_word' id='word_1_389' title='bbox 1834 5075 1842 5082; x_wconf 96' lang='lat'><em>-</em></span> <span class='ocrx_word' id='word_1_390' title='bbox 1913 5041 2202 5104; x_wconf 88' lang='lat' dir='ltr'>Secunda</span> <span class='ocrx_word' id='word_1_391' title='bbox 2245 5042 2400 5104; x_wconf 85' lang='lat' dir='ltr'>feria</span> <span class='ocrx_word' id='word_1_392' title='bbox 2441 5048 2588 5122; x_wconf 87' lang='lat' dir='ltr'>post</span> <span class='ocrx_word' id='word_1_393' title='bbox 2631 5040 3006 5103; x_wconf 88' lang='lat' dir='ltr'>dominicam</span> <span class='ocrx_word' id='word_1_394' title='bbox 3056 5041 3238 5103; x_wconf 89' lang='lat' dir='ltr'>Oculi</span> <span class='ocrx_word' id='word_1_395' title='bbox 3282 5042 3425 5103; x_wconf 90' lang='lat' dir='ltr'>mei.</span> 
     </span>
     <span class='ocr_line' id='line_1_43' title="bbox 1404 5141 3106 5207; baseline 0.001 -13"><span class='ocrx_word' id='word_1_396' title='bbox 1404 5143 1690 5204; x_wconf 75' lang='lat' dir='ltr'>Fabricius,</span> <span class='ocrx_word' id='word_1_397' title='bbox 1726 5142 1959 5195; x_wconf 76' lang='lat' dir='ltr'>Urkund.</span> <span class='ocrx_word' id='word_1_398' title='bbox 1996 5157 2040 5194; x_wconf 80' lang='grc' dir='ltr'>ι.</span> <span class='ocrx_word' id='word_1_399' title='bbox 2078 5143 2267 5197; x_wconf 75' lang='lat' dir='ltr'>Gesch.</span> <span class='ocrx_word' id='word_1_400' title='bbox 2304 5142 2517 5207; x_wconf 70' lang='lat' dir='ltr'>ungena</span> <span class='ocrx_word' id='word_1_401' title='bbox 2553 5145 2639 5205; x_wconf 87' lang='lat'>111,</span> <span class='ocrx_word' id='word_1_402' title='bbox 2674 5145 2724 5199; x_wconf 85' lang='lat'>2.</span> <span class='ocrx_word' id='word_1_403' title='bbox 2763 5144 2814 5197; x_wconf 90' lang='lat' dir='ltr'>S.</span> <span class='ocrx_word' id='word_1_404' title='bbox 2851 5141 3106 5199; x_wconf 78' lang='lat'>112-18.</span> 
     </span>
    </p>
   </div>
  </div>
 </body>
</html>
