4275 5759
806 407 900 482 74
1914 393 1919 396 ’
2031 397 2246 476 Kone
2298 397 2490 476 Eum
2546 389 2908 472 GLlrrmo.

488 585 675 652 1261.
1538 626 1542 631 -

425 688 506 744 18.
545 690 727 741 Martii.
1149 679 1323 745 *373.
1414 679 1765 742 Amnon
1824 679 2036 757 (lvtus)
2092 696 2255 759 papa
2310 677 2599 740 fratribus
2659 676 2895 738 ordinis
2957 675 3432 755 praedicatorum
3492 676 3719 759 Datim,
3778 679 4126 758 Norvegiae,

802 783 1019 844 Svetiae
1067 790 1128 844 et
1172 782 1366 859 Rigiae
1414 781 1713 863 indulget,
1761 787 1829 845 ut
1875 783 2037 845 licite
2086 800 2228 843 cum
2276 781 2520 843 clericis
2579 797 2692 859 pro
2740 777 3096 840 detentione
3157 781 3645 843 concubinarum
3695 785 4126 846 excommuni-

801 886 957 948 catis
1002 885 1305 965 hospitari
1349 886 1617 964 possint.
1666 919 1747 931 --
1794 884 2092 958 Laterani,
2145 885 2269 946 XV.
2307 882 2601 945 kalendas
2639 882 2886 960 ApriliS,
2933 881 3332 960 pontificatus
3378 885 3574 945 nostri
3621 901 3788 946 anno
3835 889 4128 966 septimo.

1414 988 1488 1051 Ny
1522 987 1788 1039 kirkehlst.
1828 986 2121 1051 Samllnger
2158 986 2238 1038 111.
2279 984 2547 1042 106-10‘1
2583 982 2722 1048 (med
2757 982 2844 1036 det
2883 985 3108 1048 urlgttge
3143 983 3332 1036 Datum
3366 985 3468 1036 XV.
3507 987 3605 1036 kal.
3633 988 3893 1052 Augusti).
3949 988 4130 1053 Diplo-

1415 1077 1598 1124 mutar.
1636 1072 1852 1135 Norvag.
1891 1072 1993 1125 Vll.
2031 1072 2114 1125 20.

398 1202 482 1258 28.
520 1203 728 1268 Aprilis.
1148 1191 1324 1257 *374
1415 1192 1704 1256 JouAums
1762 1199 1822 1254 et
1866 1193 2133 1254 Gnatam
2189 1193 2486 1254 comitum
2531 1189 2830 1251 Holsatiae
2886 1188 3099 1251 litterae
3157 1189 3233 1251 de
3292 1192 3749 1270 compositione
3810 1195 3970 1254 inter
4018 1194 4128 1256 Jo-

800 1296 1093 1375 hannem,
1140 1296 1541 1376 praepositum
1588 1294 2133 1374 Novimonasterii,
2183 1299 2244 1356 et
2288 1293 2668 1370 Ethelerum‚
2717 1292 2967 1353 militem
3015 1290 3090 1353 de
3129 1291 3625 1356 crummendilte.
3719 1294 3886 1356 Inter
3930 1301 4130 1358 testes

802 1403 900 1460 est
942 1397 1248 1463 NrcoLAus
1298 1399 1517 1460 Diuus.
1564 1433 1649 1442 --
1702 1397 2094 1474 Bornlwvede,
2148 1397 2302 1460 seria
2346 1401 2563 1474 quarta
2603 1393 2884 1473 Paschae,
2930 1393 3058 1455 llll.
3085 1395 3224 1456 ·kal.
3271 1395 3436 1475 Maji.

1412 1498 1765 1563 westphalen‚
1805 1498 2142 1551 monumenta
2180 1500 2238 1549 ll.
2277 1495 2496 1552 43-44.

526 1616 705 1682 Aprm,
978 1593 989 1602 ’
1146 1603 1327 1668 1058,
1417 1602 1772 1667 Lapponberg,
1809 1601 2251 1666 Hamburglsches
2287 1599 2716 1653 Urkundenbuch
2751 1598 2788 1648 l.
2824 1596 2942 1652 538.

1154 1721 1328 1788 *375.
1417 1724 1833 1800 Querimoniae
1891 1722 2082 1800 (Emer
2138 1717 2324 1799 regis)
2382 1725 2601 1783 contra
2656 1718 2979 1796 (Iacobum
3035 1717 3306 1797 Erlandi)
3363 1721 3906 1800 archiepiscopum
3957 1721 4132 1783 Lun-

805 1826 1085 1889 densem.
1140 1861 1208 1871 -
1263 1826 1409 1888 Sine
1454 1841 1643 1886 anno.
1956 1817 1959 1822 ’

1417 1927 1709 1990 Langebek,
1748 1926 1995 1991 Scriptor.
2034 1939 2131 1978 rer.
2171 1924 2348 1977 Daulc.
2385 1924 2441 1975 V.
2479 1922 2732 1980 612—13.
2805 1923 3012 1976 Brudst.
3053 1925 3070 1974 i
3108 1923 3403 1986 Fabricius,
3440 1924 3673 1976 Urkund.
3712 1939 3754 1975 z.
3793 1925 3985 1979 Gesch.
4027 1925 4137 1978 nu-

1417 2026 1547 2078 gens
1592 2012 1651 2064 11.
1696 2011 1928 2063 Urkund.
1974 2013 2026 2063 S.
2072 2011 2155 2064 44.
2229 2009 2343 2062 Udt.
2400 2023 2500 2074 psa
2551 2009 2728 2061 Dansk
2770 2011 2788 2059 1
2839 2008 3108 2068 Hvitfeldt,
3166 2009 3349 2061 Danm.
3396 2009 3550 2074 Rigas
3599 2010 3755 2061 Krou.
3803 2011 3854 2063 S.
3891 2011 4142 2066 261—62

1417 2098 1713 2163 (Kvartudg.
1753 2099 1810 2149 ll.
1846 2097 2119 2160 296—98).
2195 2095 2259 2147 Af
2291 2093 2355 2147 de
2389 2095 2487 2146 hos
2525 2095 2716 2154 Suhm,
2765 2095 2894 2146 illst.
2941 2095 2996 2145 af
3026 2095 3210 2146 Danm.
3244 2095 3305 2145 X.
3341 2095 3444 2149 428
3478 2095 3582 2146 anf.
3641 2096 3856 2148 Grunde
3915 2102 4000 2148 tm·
4043 2097 4134 2148 det

1419 2189 1650 2248 antam,
1690 2187 1745 2235 at
1777 2185 1917 2236 detto
1954 2197 2017 2247 og
2055 2182 2119 2234 de
2155 2179 2396 2246 fulgendo
2430 2180 2736 2254 Aktstyltker
2773 2193 2859 2232 ere
2893 2179 2972 2232 fra
3007 2180 3157 2236 1261.

1152 2306 1327 2372 *376.
1418 2305 1835 2383 Querimoniae
1882 2303 2072 2378 (Erum
2117 2303 2305 2379 regis)
2367 2307 2586 2364 contra
2630 2301 2896 2377 (Petrum
2942 2300 3269 2378 Bangium)
3327 2303 3688 2381 episcopum
3751 2301 4141 2364 Roskilden-

809 2427 963 2473 sem.
1013 2445 1097 2456 —
1142 2409 1288 2472 Sine
1334 2425 1524 2470 anno.

1416 2508 1716 2574 Langobar.
1765 2508 2012 2571 Scriptor.
2050 2520 2152 2559 rer.
2191 2506 2367 2557 Danlc.
2407 2505 2463 2556 V.
2500 2505 2618 2559 613.
2691 2504 2898 2556 Brudst.
2935 2509 2952 2557 l
2990 2505 3288 2565 Fabricius,
3336 2504 3568 2557 Urkund.
3607 2519 3649 2555 z.
3689 2505 3876 2557 Gosch.
3918 2506 4141 2571 Rfigeus

1418 2597 1479 2647 ll.
1518 2593 1749 2646 Urkund.
1799 2594 1851 2645 S.
1888 2591 1957 2646 44
2008 2606 2072 2656 og
2118 2595 2135 2642 i
2183 2591 2695 2655 Meklenburglsches
2731 2589 3067 2643 Urkundenb.
3107 2590 3184 2641 lV.
3222 2589 3340 2644 213.
3410 2590 3525 2642 Udt.
3576 2603 3675 2655 psa
3718 2591 3896 2643 Dansk
3933 2594 3952 2643 i
3990 2593 4144 2643 livit-

1420 2681 1565 2742 relat,
1601 2680 1785 2731 Danm.
1822 2679 1977 2743 Rigas
2014 2679 2171 2730 Kron.
2210 2677 2262 2729 S.
2297 2675 2534 2732 260—61
2571 2675 2852 2740 (Kvartudg
2906 2676 2966 2727 ll.
3003 2675 3281 2740 293—94).
3653 2679 3658 2686 “

1158 2803 1332 2868 *372
1422 2801 1840 2879 Querimoniae
1886 2801 2077 2872 (Enim
2123 2800 2311 2876 regis)
2379 2802 2597 2860 contra
2643 2795 3040 2873 (Regnorum)
3087 2798 3452 2877 episcopum
3502 2797 4009 2860 Otthoniensem.
4073 2834 4136 2842 -—

810 2908 955 2970 sme
1001 2923 1187 2969 anno·
1420 2989 1721 3054 Laugebek‚
1778 2988 2025 3052 Scriptor.
2071 2999 2171 3038 rer.
2218 2985 2394 3036 Danlc.
2441 2984 2496 3035 V.
2551 2982 2804 3039 613-14.
2873 2983 2990 3035 Udt.
3034 2997 3132 3049 pua
3167 2983 3344 3036 Dansk
3376 2987 3394 3034 l
3431 2983 3704 3044 Hvitteldt,
3751 2983 3938 3035 Duum.
3988 2984 4150 3048 luges
4270 3035 4271 3040 ,

1423 3076 1581 3128 Kron.
1620 3075 1671 3127 S.
1707 3073 1947 3130 261—62
1982 3071 2280 3138 (Kvartudg.
2318 3070 2378 3121 11.
2415 3069 2688 3134 294—95).

374 3330 773 3400 1261-1264.
2180 3313 2787 3400 1261-1264.

1163 3502 1337 3568 *378.
1429 3501 1653 3565 Unum
1709 3500 1870 3578 (lvtl)
1937 3515 2112 3580 papae
2186 3499 2543 3561 mandatum
2598 3498 2674 3560 ad
2730 3499 3049 3559 ministros
3107 3498 3519 3577 provinciales
3575 3499 3830 3560 fratrum
3903 3498 4152 3562 ordinis

816 3608 1127 3668 minorum
1172 3608 1235 3667 in
1283 3605 1666 3684 Alamannia,
1713 3604 1894 3665 Datia
1951 3608 2011 3665 et
2053 3600 2314 3664 Polonia
2357 3602 2432 3663 de
2478 3601 2914 3682 praedicatione
2963 3602 3169 3662 crucis
3217 3601 3278 3661 in
3327 3599 3672 3661 subsidium
3719 3599 4018 3662 Livoniae.
4072 3637 4156 3646 -

753 3723 756 3726 ·
818 3709 881 3770 Si
928 3726 962 3770 e
1007 3725 1129 3770 ann
1180 3754 1194 3770 .

882 3726 923 3771 n
1136 3725 1172 3770 Ο
1425 3808 1541 3861 Udt.
1579 3810 1597 3859 l
1633 3809 1969 3870 Schlemann,
2007 3807 2264 3872 Regesten
2301 3805 2600 3858 vorloreuer
2633 3804 2917 3857 Urkunden
2955 3818 3000 3855 a.
3039 3803 3087 3854 d.
3125 3803 3453 3855 llvlandlsch.
3493 3803 3878 3864 Ordensarchlv
3917 3804 3970 3854 S.
4011 3804 4066 3857 4.

504 4081 693 4148 1262.
2112 4141 2119 4159 ,
2363 4049 2611 4133 1262.

479 4254 561 4308 11.
600 4253 747 4304 Febr.
1170 4237 1343 4304 *379.
1433 4238 1777 4300 Conventio
1822 4238 1985 4298 inter
2028 4235 2268 4297 Ermum
2315 4234 2632 4296 ducissam
2679 4233 2976 4307 Saxonis,
3027 4233 3296 4309 Angarie·
3335 4235 3398 4292 et
3439 4231 3760 4294 Westt'alie
3807 4237 3870 4293 et
3913 4231 4158 4297 Jonas-

820 4359 935 4405 ιιι-,κ
983 4342 1409 4413 Anssawnous
1454 4341 1615 4404 filios
1664 4344 1835 4420 ejuS,
1883 4356 1958 4402 ex
2002 4353 2128 4400 una
2170 4341 2377 4417 parte,
2426 4340 2486 4398 et
2529 4338 2844 4398 Αιηιιτυι
2891 4341 2953 4397 et
2995 4334 3337 4412 Jousnssn,
3395 4333 3589 4396 duces
3635 4333 3712 4396 de
3756 4332 4160 4415 Bruneswic‚

823 4464 898 4509 ex
941 4444 1131 4506 altera
1177 4449 1371 4524 parte,
1419 4444 1495 4506 de
1540 4449 1756 4506 mutuo
1803 4441 2027 4505 auxilio
2076 4447 2137 4502 et
2183 4439 2449 4501 consilio
2496 4444 2716 4499 contra
2759 4439 3021 4499 comites
3066 4435 3377 4498 Holtsazie
3413 4435 3764 4498 Johannem
3811 4441 3874 4498 et
3919 4437 4162 4500 Gerar-

823 4548 970 4610 dum
1018 4552 1079 4609 et
1122 4546 1197 4609 de
1254 4547 1584 4627 partitione
1632 4546 1981 4622 Holtsaziae,
2044 4544 2098 4605 si
2157 4559 2292 4604 eam
2351 4557 2704 4621 expugnare
2763 4539 3115 4619 contigerit,
3173 4539 3333 4600 inter
3387 4538 3679 4619 praefatos
3738 4545 3799 4600 et
3853 4537 4164 4602 dominos

825 4650 1055 4729 Slavie3
1127 4651 1310 4711 simul
1367 4649 1725 4712 condictum
1782 4652 1909 4728 est,
1966 4651 2065 4726 ut,
2114 4643 2412 4724 quidquid
2457 4649 2636 4706 terrae
2687 4643 2904 4721 Dacie,
2975 4644 3026 4705 si
3096 4645 3150 4704 ei
3220 4641 3537 4704 communi
3593 4639 3858 4703 consilio
3913 4640 4166 4704 bellum

824 4754 1111 4830 inferant,
1160 4759 1576 4832 expugnatum
1624 4753 1773 4832 erit,
1825 4751 1988 4812 sicut
2033 4749 2108 4811 de
2155 4755 2320 4810 terra
2365 4746 2674 4809 Holtzasie
2720 4750 3048 4809 tractatum
3097 4746 3212 4824 sit,
3258 4745 3622 4824 partiantur.
3673 4777 3751 4788 -—
3801 4742 4000 4817 Tune,
4058 4746 4164 4807 ΙΙΙ.

824 4855 983 4935 ydus
1026 4855 1361 4918 Februarii.

1439 4955 1763 5014 Sudendort,
1819 4953 2117 5017 nagistrum
2155 4951 2280 5004 oder
2323 4949 2704 5014 merkwurdtgo
2737 4948 2971 5002 Urkund.
3006 4950 3040 5000 f.
3078 4948 3127 5000 d.
3165 4948 3419 5002 deutsche
3455 4947 3768 5002 Geschlchte
3804 4946 3887 4999 ln.
3925 4945 4166 5004 62—63.

1438 5041 1947 5106 Heklenburgisches
1983 5038 2320 5090 Urkundenb.
2359 5039 2418 5091 lt.
2457 5034 2708 5091 197-98.
2782 5034 3104 5095 Sudendort,
3149 5034 3580 5088 Urkuudenbuch
3623 5048 3664 5084 s.
3704 5031 3891 5086 Gesch.
3930 5031 3979 5082 d.
4027 5034 4168 5086 ller-
4270 5018 4271 5032 ¹

1440 5131 1565 5192 toga
1600 5141 1645 5179 v.
1686 5126 2087 5190 Braunschwelg
2124 5139 2176 5174 u.
2214 5125 2497 5188 Luneburg
2535 5125 2570 5174 l.
2607 5122 2690 5177 37.
