4275 5759
719 364 865 435 256
1824 360 2040 434 Kone
2095 360 2492 433 VALDEMAR
2549 362 2944 432 Amnum.

718 500 2083 513 *ψ-

403 532 591 599 1341.
1078 592 1086 600 .

312 635 362 689 3.
399 636 644 700 Augusti.
1020 624 1237 700 *17'97.
1330 638 1621 735 Srtoows
1656 636 1993 701 Nncmssou
2041 642 2102 698 et
2138 636 2416 701 Kanocus
2450 637 2790 700 Nmuzssou
2838 636 3216 715 concedunt,
3263 642 3332 697 ut
3374 634 3717 697 Nichoiaus
3753 636 4060 695 Gotaeson

712 754 907 813 gener
942 738 1107 799 bona
1141 756 1255 800 sua
1288 742 1347 800 in
1386 736 1829 802 wabaeruthae
1869 745 1929 800 et
1960 739 2158 800 Wikae
2193 737 2257 800 in
2295 740 2617 801 Hallandia
2653 740 2791 818 sita,
2842 756 2976 817 quae
3021 756 3163 800 cum
3195 754 3387 799 uxore
3423 735 3662 814 habuit,
3711 736 4060 799 Benedicto

716 841 1104 902 Arnwithson
1153 841 1396 903 vendat.
1447 875 1527 883 —
1576 840 2023 920 Helsinqboryk,
2073 843 2172 903 die
2218 843 2607 905 invencionis
2653 842 2714 903 b.
2765 842 3064 922 Stephani
3112 839 3635 920 prothomartiris.

1328 941 1459 1007 Dlpl.
1500 944 1737 1005 Svscan„
1776 944 1856 996 ed.
1896 944 1949 995 B.
1979 943 2037 993 E.
2071 943 2393 996 Etldebrand
2429 945 2484 995 V.
2520 944 2604 999 58.

278 1084 362 1137 25.
399 1083 643 1146 Augusti.
1046 1078 1235 1143 2213,
1329 1079 1514 1138 Klnch,
1554 1079 1685 1131 Bibe
1719 1080 1817 1143 Bys
1858 1080 1987 1131 [list.
2026 1081 2181 1131 indtil
2222 1082 2444 1132 Reform.
2483 1082 2534 1132 S.
2567 1079 2820 1135 188—89.

280 1219 365 1274 28.
403 1220 649 1284 Augusti.
1050 1216 1239 1279 2214.
1334 1217 1463 1280 mpl.
1502 1217 1741 1275 svmn„
1778 1216 1859 1268 ed.
1899 1218 1953 1268 s.
1982 1218 2041 1268 n.
2074 1218 2391 1271 hildebrand
2426 1219 2481 1268 v,
2519 1218 2602 1273 62.

354 1358 401 1410 1.
440 1357 647 1421 septbr.
1048 1352 1236 1417 2215.
1328 1362 1552 1413 natum
1590 1376 1676 1412 er:
1736 1352 2183 1433 Kalandborqh,
2224 1356 2336 1417 des
2374 1354 2772 1418 sonauendes
2808 1372 2890 1415 na
2924 1359 3098 1415 sante
3124 1353 3444 1415 lohannes
3479 1351 3792 1431 baptisten
3831 1350 4062 1429 daghe,

716 1458 808 1518 als
854 1474 953 1519 em
1000 1456 1103 1517 dat
1148 1455 1343 1517 houet
1384 1456 1788 1533 afgheslagen
1836 1464 2001 1518 wart.
3672 1453 4064 1533 (Plattydsk.)

1330 1557 1462 1623 mpl.
1502 1559 1741 1617 Svecan„
1780 1559 1858 1610 ed.
1898 1559 1952 1609 B.
1980 1560 2039 1609 E.
2070 1559 2392 1611 Hildebrand
2430 1560 2486 1609 V.
2523 1560 2743 1613 62-65.
2779 1586 2850 1595 —
2884 1559 3197 1623 Augeaende
3233 1558 3321 1609 det
3357 1560 3372 1608 1
3411 1557 3540 1622 Dlpl.
3573 1558 3793 1609 Svecan.
3833 1558 4064 1608 hei-ester

1334 1644 1563 1696 indsatte
1602 1646 1731 1696 Brev
1768 1644 2004 1705 (beufort
2037 1646 2097 1696 til
2135 1645 2348 1697 mellem
2388 1646 2435 1698 1.
2473 1659 2539 1709 og
2574 1645 2658 1699 22.
2697 1645 2945 1711 Septbr.),
2983 1658 3042 1695 se
3076 1645 3160 1695 Νι.
3193 1643 3373 1697 *1825

316 1768 399 1823 30.
438 1768 647 1832 septbr.
950 1844 957 1852 ι
1020 1764 1236 1829 *1798.
1330 1765 1752 1828 wimannus
1802 1783 1905 1827 rex
1945 1766 2132 1827 Dacie
2167 1754 2554 1828 'cancellario
2593 1772 2656 1828 et
2690 1766 3216 1829 vicecancellariis
3263 1782 3378 1827 sua
3423 1764 3626 1841 sigilla
3663 1764 4064 1825 servantibus

716 1868 989 1946 inhibet,
1060 1884 1139 1929 ne
1198 1884 1310 1947 per
1368 1868 1673 1946 rescripta
1731 1869 2061 1945 religiosos
2123 1872 2292 1931 viros
2349 1870 2569 1929 fratres
2639 1870 2839 1929 sancti
2895 1868 3201 1930 lobannis
3257 1867 3760 1929 Jerosolemitani
3831 1866 4064 1928 domus

716 1972 1077 2050 hospitalis,
1148 1971 1255 2049 qui
1322 1969 1423 2032 de.
1466 1952 1601 2033 i'oro
1672 1972 1797 2031 sint
1863 1972 2188 2049 ecclesiae,
2261 1972 2340 2033 ad
2401 1972 2602 2033 sorum
2674 1972 2917 2033 trahant
2987 1970 3355 2032 secularem.
3417 2004 3498 2014 -—
3556 1968 3888 2046 ltoskildis,
3959 1968 4064 2031 die

712 2072 775 2133 b.
824 2074 1127 2135 leronimi
1171 2073 1524 2152 presbiteri.

1330 2175 1664 2227 Aarsberetn.
1702 2176 1783 2227 fra
1818 2176 2216 2228 Geheimearch.
2257 2176 2313 2227 V.
2351 2174 2572 2230 47—48.

346 2282 396 2337 3·
435 2282 645 2334 octobr.
1023 2279 1239 2343 *1799.
1330 2279 1579 2342 Missus
1618 2297 1723 2341 rex
1760 2280 2107 2359 Non-wagio,
2157 2282 2388 2342 Swecie
2438 2286 2499 2342 et
2534 2278 2755 2341 Scanie
2791 2280 3107 2341 libertates
3143 2278 3368 2339 incolis
3405 2278 3672 2339 civitatis
3709 2278 4066 2356 Wysmarie

716 2382 794 2443 ad
829 2382 1214 2459 Norwegiam
1250 2382 1642 2445 venientibus
1680 2400 1719 2443 a
1763 2400 1909 2461 rege
1946 2383 2249 2461 Laiquino
2285 2384 2476 2461 (leget
2516 2383 2824 2461 anuino)
2871 2398 3214 2444 concessas
3261 2380 3608 2443 confirmat.
3643 2414 3728 2425 -—-
3763 2380 3837 2439 In
3867 2387 4066 2439 castro

716 2491 911 2545 nostro
956 2484 1485 2565 Helsinyhebnrqh,
1534 2488 1809 2547 crastino
1855 2486 1915 2547 h.
1963 2486 2308 2564 Leodegari
2354 2488 2645 2548 martiriS.

1335 2587 1856 2652 uenenhurgtsehes
1892 2589 2231 2641 Urknndenb.
2270 2589 2351 2640 lx.
2388 2588 2506 2643 340.

405 2711 531 2763 Post
720 2707 1254 2785 *1800(=2218,)
1338 2707 1712 2772 Fuldstaendlg,
1744 2709 1825 2760 for
1853 2720 1945 2760 saa
1972 2709 2083 2761 vidt
2101 2710 2287 2761 Brevet
2314 2723 2369 2760 er
2397 2710 2612 2761 bevaret
2637 2708 2976 2767 iAt'skritten,
3009 2712 3024 2759 Ι
3054 2708 3185 2773 Dlpl.
3207 2708 3446 2766 Svecan„
3478 2706 3557 2758 ed.
3591 2708 3640 2757 Β.
3661 2706 3719 2757 Ε.
3741 2705 4066 2758 lindebi-and

318 2780 402 2835 18·
438 2780 648 2831 00t0b1'·
1337 2794 1392 2844 V.
1432 2792 1651 2848 'zo—73.
1727 2794 2035 2859 Brudstyltk.
2076 2799 2093 2847 i
2129 2796 2469 2859 Lagerbring,
2507 2796 2640 2846 Svea
2676 2795 2832 2847 Rikes
2868 2795 2996 2845 illst.
3039 2793 3118 2844 nl.
3154 2794 3272 2847 353.

306 2918 391 2971 25.
428 2917 652 2969 Novbr.?
692 2914 695 2917 ’
1028 2914 1245 2979 *1801,
1334 2888 1399 2964 Et
1428 2914 1522 2964 Par
1552 2914 1997 2967 Stllstandsbreve
2028 2916 2241 2967 mellem
2273 2916 2546 2979 Kongerne
2575 2915 2848 2966 Valdemar
2885 2928 2950 2978 og
2980 2914 3196 2978 Hagnas
3235 2927 3321 2965 ere
3358 2916 3373 2964 1
3402 2912 3533 2977 Dlpl.
3565 2914 3781 2965 Svecan.
3818 2912 4067 2964 henim-te

1333 3000 1393 3050 tu
1430 2999 1603 3051 denne
1639 3001 1761 3064 θος.
1844 3000 1915 3053 De
1960 3000 2129 3053 andes
2169 3001 2264 3053 her
2311 3002 2433 3054 med
2469 3000 2632 3052 andre
2665 3001 3190 3052 Tidsbestemmelser
3228 2998 3396 3050 under
3435 3002 3517 3050 Νι.
3549 2998 3956 3053 *1803—*1804
3997 3013 4063 3062 og

1336 3086 1421 3137 Nr.
1453 3084 1635 3140 ⁴¹1856.

335 3207 419 3262 28-
458 3208 647 3259 Novbr.
1023 3206 1241 3272 *1802
1331 3206 1697 3286 lucisuacns,
1768 3208 2025 3271 ducissa
2083 3207 2349 3286 Svecioe,
2419 3208 2679 3270 Andreae
2736 3207 2941 3269 abbati
3010 3208 3072 3268 in
3129 3208 3292 3287 Lysa
3350 3206 3594 3285 plenam
3665 3207 4062 3268 autoritatem

720 3310 1003 3387 exigendi
1050 3310 1329 3373 redditus
1376 3328 1527 3372 suos
1574 3311 1650 3372 ab
1699 3311 2035 3373 heredibus
2084 3312 2319 3372 domini
2359 3312 2590 3373 Hinrici
2641 3310 2951 3389 quondam
2989 3310 3270 3371 advocati
3317 3310 3414 3372 sui
3458 3311 3520 3369 in
3559 3308 3778 3387 Bergis
3815 3310 3940 3370 dat.
3997 3344 4064 3353 —-

724 3412 1163 3493 Fallcenberqis‚
1210 3414 1365 3474 feria
1410 3419 1629 3491 quarta
1671 3420 1817 3493 post
1863 3414 2023 3475 diem
2076 3433 2127 3474 s.
2180 3416 2513 3477 catherine
2561 3416 2818 3491 virginis
2864 3414 3162 3491 gloriose,
3213 3414 3350 3474 sine
3395 3428 3582 3474 anno.

1338 3515 1671 3579 Dtplomatar.
1714 3517 1931 3581 Norveg.
1972 3516 2049 3566 lV.
2088 3516 2346 3570 214—15.
2419 3517 2550 3581 1)th.
2591 3518 2827 3576 Svecan.,
2866 3516 2945 3567 ecl.
2985 3516 3038 3565 B.
3067 3516 3124 3565 E.
3156 3514 3476 3566 Hildebrand
3511 3514 3566 3564 V.
3601 3512 3825 3569 81-82.

1054 3634 1223 3701 2218
1270 3652 1339 3697 se
1384 3635 1603 3701 *1800.

407 3842 568 3907 1341
2056 3848 2278 3930 1341
2349 3849 2478 3931 vel
2536 3854 2748 3953 post.

320 3930 413 3992 vel
462 3934 626 4008 post.

1029 4030 1247 4095 *1803.
1343 4030 1682 4094 vacunam
1732 4032 1898 4109 regis
1945 4035 2278 4095 conventio
2326 4050 2469 4094 cum
2516 4031 2769 4110 Magno,
2823 4033 3084 4111 Sueciae,
3130 4030 3452 4108 Norvegiae
3499 4036 3562 4091 et
3606 4030 3847 4091 Scaniae
3897 4047 4066 4109 rege,

724 4134 800 4196 de
834 4151 987 4215 pace
1026 4142 1087 4196 et
1130 4134 1419 4212 amicitia,
1466 4152 1579 4214 per
1624 4152 1807 4213 quam
1849 4136 2031 4196 etiam
2067 4136 2393 4215 promittit,
2441 4135 2682 4197 incolas
2719 4136 3042 4213 utriusque
3079 4135 3249 4211 regis
3282 4134 3468 4196 bonis
3505 4135 3659 4212 wie,
3707 4132 4066 4211 ubicunque

724 4239 842 4299 sita
876 4237 1022 4317 sint,
1059 4237 1247 4299 libere
1284 4236 1603 4315 fruituroS‚
1638 4236 2085 4319 principesque
2109 4238 2457 4301 Iohannem
2502 4245 2562 4300 et
2584 4238 2908 4301 Nicolaum
2945 4237 3020 4298 de
3044 4237 3256 4300 Werle
3293 4236 3462 4298 bona
3495 4237 3612 4298 sibi
3649 4237 4066 4315 impignorata

723 4340 979 4421 pacifice
1039 4339 1438 4417 obtenturos;
1500 4338 1723 4402 deinde
1781 4341 2010 4418 Magno
2070 4342 2203 4419 regi
2265 4340 2587 4419 concedit,
2642 4347 2712 4403 ut
2762 4341 3176 4419 Ingeburgem
3232 4340 3584 4419 ducissam,
3644 4346 3940 4419 matrem,
4005 4345 4066 4400 et

720 4444 1106 4520 Iohannem,
1177 4442 1513 4505 Henricum
1573 4449 1633 4505 et
1685 4442 2015 4505 Nicolaum
2076 4445 2340 4506 comites
2396 4442 2727 4523 Holsatiae,
2799 4446 2852 4505 si
2910 4444 3224 4523 placitatio
3282 4460 3424 4506 cum
3482 4442 3659 4504 hisce
3715 4444 3881 4504 facta
3935 4459 4065 4504 non

722 4547 1047 4609 observata
1090 4548 1297 4625 suerit,
1344 4546 1638 4608 omnibus
1684 4544 1889 4607 modis
1935 4546 2224 4625 adjuvare
2272 4548 2329 4609 ei
2373 4547 2577 4609 liceat.
2628 4580 2708 4591 —
2757 4546 2902 4610 Sine
2947 4564 3114 4610 anno
3162 4553 3224 4607 et
3269 4545 3388 4607 die.

1341 4648 1473 4713 Dlpl.
1509 4650 1745 4706 Svecan„
1784 4646 1864 4699 ed.
1895 4648 1949 4699 B.
1980 4648 2038 4699 Ε.
2068 4647 2389 4701 Hildehrand
2425 4648 2480 4699 V.
2513 4648 2730 4703 77—79.
2789 4648 3298 4713 Meklenburglsches
3327 4646 3664 4699 Urkundenb.
3694 4646 3776 4698 ΙΧ.
3805 4646 4063 4700 347-48.

1337 4734 1546 4793 munch,
1584 4734 1680 4784 Det
1715 4734 1906 4785 norske
1944 4734 2095 4786 Folks
2132 4735 2262 4788 Hist.
2299 4736 2348 4789 2.
2377 4736 2490 4787 Md.
2529 4735 2566 4786 1.
2603 4734 2844 4790 271-72
2879 4749 2943 4800 og
2981 4734 3158 4789 &2813
3192 4733 3348 4801 (hvor
3383 4734 3516 4799 mpl.
3556 4734 3773 4786 Sveran.
3809 4734 3893 4784 Nr.
3923 4732 4062 4787 3604

1340 4821 1454 4872 skal
1482 4832 1621 4873 vere
1650 4820 1734 4871 Nr.
1763 4819 1944 4887 3606),
1981 4834 2181 4881 menet,
2218 4828 2274 4873 at
2300 4823 2485 4874 Brevet
2513 4820 2732 4873 tilherer
2757 4821 3115 4887 Begyndelsen
3143 4820 3200 4871 af
3223 4824 3324 4871 Aur
3351 4820 3511 4883 1344;
3551 4820 3804 4885 sychen-g.
3843 4819 4065 4883 Sverges

1336 4906 1607 4959 Traktater
1643 4906 1703 4957 11.
1738 4905 1963 4966 51-52,
1998 4908 2250 4961 henterer
2288 4907 2374 4959 det
2409 4908 2629 4973 ligesom
2668 4906 2988 4959 Hildebrand
3023 4906 3084 4958 tu
3119 4907 3308 4959 Novbr.
3346 4906 3495 4961 1341.

1028 5026 1247 5093 *1804
1335 5028 1733 5093 Vacosnaus
1789 5045 1899 5090 rex
1952 5028 2219 5108 Magno,
2281 5029 2554 5109 Sueciae,
2613 5028 2936 5104 Norvegiae
2993 5033 3055 5087 et
3111 5028 3350 5091 Scaniae
3405 5029 3540 5104 regi
3595 5028 3936 5107 promittit,
3995 5046 4064 5090 se

722 5130 959 5193 litteras
1006 5132 1081 5193 de
1126 5133 1649 5212 impignoratione
1697 5138 1759 5194 et
1804 5131 2172 5194 dimissione
2219 5132 2480 5210 scaniae,
2529 5130 2767 5193 litteras
2814 5130 2890 5193 de
2937 5130 3290 5193 venditione
3335 5130 3672 5192 Hailandioe
3720 5136 3782 5191 et
3826 5130 4062 5193 litteras
