4275 5759
464 512 645 581 1343.

420 618 503 673 28.
540 618 697 672 Junll.

418 1050 499 1105 28.
539 1051 678 1101 Junll

467 1685 513 1739 4.
552 1686 691 1736 lulli.

427 2302 511 2355 16.
548 2302 691 2353 Julil.

318 2438 450 2489 Ante
465 2438 697 2490 inum.

314 3037 446 3087 Ante
462 3037 695 3089 lmulii.

428 3363 505 3415 17.
544 3364 685 3413 Julli.

425 3720 509 3773 28.
547 3721 688 3773 lulli.

357 4233 406 4286 2.
445 4235 685 4295 Augusti.

342 5017 391 5069 2.
432 5018 688 5080 Augusti?

774 352 919 425 262
1882 348 2100 422 Kone
2153 348 2553 423 VALDEMAR
2605 347 3003 421 A‘rrsnnm.

2322 491 2355 496 —
2374 488 3156 497 —————-—-————-——-————-———
3169 492 3466 499 m·-

3888 494 4086 501 ——————.

1074 622 1293 688 *1846.
1386 624 1634 688 Missus
1704 642 2039 701 regnorum
2106 624 2382 687 Swechie
2453 630 2514 686 et
2571 622 2889 700 Noruegie
2957 640 3067 685 rex
3131 642 3204 686 ac
3271 630 3451 687 terrae
3521 626 3744 689 Scanie
3811 627 4092 689 dominus

770 724 1091 787 Hinricum
1129 730 1421 789 comitem
1467 728 1923 790 Zwerinensem
1960 746 2031 789 ac
2071 727 2442 791 Nicholaurn
2481 732 2542 787 et
2587 727 2882 790 Ottonem
2924 726 3290 789 domicellos
3325 728 3402 789 de
3448 728 3684 791 Zwerin
3741 730 3802 791 in
3839 730 4092 792 vasallos

770 842 923 890 suos
970 830 1208 908 recipit.
1260 865 1338 875 —
1384 830 1459 891 In
1503 836 1692 891 castro
1736 838 1930 891 nostro
1978 830 2434 908 Belsinqburyh,
2483 830 2688 905 vigilia
2731 834 2935 909 apost.
2983 830 3144 891 Petri
3193 836 3254 891 et
3297 830 3490 893 Pauli.

1384 932 1559 998 Styn'e,
1585 930 1771 998 Bldrag
1791 930 1871 985 till
1888 928 2306 984 Skandlna'viens
2329 927 2828 985 historla1.15—-16.
2884 930 3744 995 uenenburgtsehesnrkundenb.
3757 933 4092 990 lx.481-82.

1075 1036 1293 1116 *1842
1382 1050 1633 1122 MAeuth
1671 1070 2006 1128 regnorum
2046 1050 2323 1115 Swechie
2361 1060 2420 1114 et
2453 1050 2767 1127 Noruegie
2805 1068 2910 1113 rex
2945 1069 3017 1113 ac
3055 1054 3230 1113 terrae
3259 1053 3496 1115 Scanioe
3531 1053 3823 1116 dominus
3849 1056 4093 1117 Hinrico

770 1155 979 1215 comiti
1000 1152 1376 1217 Zwerinensl
1417 1160 1477 1216 et
1498 1154 1759 1219 Nicolao
1800 1160 1861 1216 et
1887 1154 2101 1217 Ottoni
2139 1155 2488 1217 domicellis
2530 1154 2605 1217 de
2641 1155 2876 1215 Zwerin
2915 1153 3217 1217 ducentas
3253 1172 3496 1217 marcas
3529 1155 3769 1233 argenti
3803 1158 4092 1237 ponderis

770 1242 1169 1319 coloniensis
1229 1274 1341 1337 pro
1398 1260 1622 1320 annuis
1682 1256 2025 1321 redditibus
2082 1259 2147 1319 in
2209 1254 2370 1320 resto
2431 1257 2765 1319 nativitatis
2812 1256 3116 1318 Johannis
3173 1255 3456 1337 baptistae
3515 1260 3792 1338 proxime
3843 1256 4092 1321 venturo

768 1358 1247 1437 Helsingburgis
1316 1366 1379 1423 et
1434 1359 1895 1439 subsequenter
1950 1362 2014 1421 in
2072 1362 2235 1423 festo
2297 1359 2457 1421 beati
2520 1360 2769 1422 Martini
2827 1359 3065 1421 Skanor
3121 1359 3302 1422 annis
3366 1360 3632 1438 singulis
3689 1362 4092 1439 assignandas

767 1462 889 1523 dat.
939 1495 1019 1506 —
1064 1463 1142 1523 In
1186 1470 1376 1523 castro
1420 1470 1615 1523 nostro
1662 1462 2133 1541 Helsinqburqss,
2182 1448 2386 1540 vigilia
2431 1464 2633 1543 apost.
2681 1461 2844 1523 Petri
2891 1470 2952 1523 et
2994 1460 3188 1524 Pauli.

1384 1565 1560 1629 Styfl'e,
1600 1565 1787 1629 Bidrag
1825 1565 1907 1616 till
1946 1565 2366 1616 Skandlnaviens
2402 1565 2624 1616 historia
2658 1564 2694 1614 1.
2731 1564 2815 1618 16.
2890 1564 3401 1627 Meklenburgisches
3435 1564 3774 1619 Urkundenb.
3815 1568 3898 1619 lx.
3934 1566 4043 1621 482.

1072 1676 1288 1749 *1848-
1378 1684 1662 1764 Macrum,
1723 1684 2002 1765 NorgeS,
2064 1686 2349 1762 Sveriges
2407 1701 2487 1763 og
2536 1684 2810 1746 Skaanes
2857 1684 3111 1763 Konge,
3167 1684 3362 1764 hyder
3405 1684 3737 1749 Bendern'e
3795 1689 3814 1748 i
3861 1686 4092 1749 Brekko

767 1788 935 1863 sogn
983 1790 1000 1848 i
1050 1787 1477 1867 Jamptalande
1523 1796 1584 1849 at
1630 1788 1862 1850 udrede
1910 1789 2029 1850 den
2078 1788 2144 1849 af
2187 1779 2364 1863 Kong
2412 1786 2627 1849 Sverre
2677 1786 3003 1865 paabudne
3047 1787 3224 1866 Told,
3275 1803 3410 1849 som
3459 1789 3670 1851 kaltles
3708 1788 4090 1865 Sundamale,

766 1892 828 1952 til
879 1890 1176 1967 Kongens
1223 1890 1412 1969 Kapel
1474 1893 1489 1950 i
1538 1890 1816 1953 Sundum
1877 1908 1957 1967 og
2016 1890 2364 1969 paaloegger
2410 1886 2741 1967 Lagmaend
2800 1894 2880 1967 og
2925 1886 3298 1951 Lensmae'nd
3346 1896 3404 1951 at
3461 1891 3740 1955 inddrive
3796 1892 3902 1955 det
3945 1892 4088 1955 ude-

768 1994 1085 2057 staaende.
1143 2027 1226 2038 —-
1284 1992 1806 2073 Hoelsinqaboryh,
1868 1993 2232 2070 t'riadaghen
2291 2000 2488 2055 naesta
2545 1994 2703 2073 eptir
2757 1991 3098 2056 Petrsvoku
3154 2010 3191 2054 a
3245 1992 3441 2055 flordu
3494 2010 3598 2056 are
3656 2011 3740 2056 oc·
3789 1995 4093 2072 tuttughta

763 2097 912 2157 rikis
958 2114 1119 2159 vars.
2393 2112 2396 2114 ’
3825 2097 4086 2173 (Νοηὶ.)

1375 2180 1711 2245 mplomntar.
1749 2181 1967 2246 Κοῖνος.
2004 2180 2086 2231 111.
2128 2179 2380 2234 190—91.

1095 2300 1266 2367 2232
1310 2319 1379 2363 se
1426 2300 1643 2365 *1851.

1070 2436 1290 2502 *1849.
1380 2438 1747 2499 Gravamina
1782 2452 2085 2501 cnvinrtm
2116 2454 2506 2501 maurianum
2549 2438 2864 2517 proecipue
2895 2438 3099 2515 quoad
3132 2437 3445 2500 nundinas
3471 2438 3848 2502 scanienses
3885 2446 4094 2502 contra

766 2558 975 2618 regem
1028 2542 1248 2604 Suecie
1301 2547 1363 2603 et
1417 2539 1752 2602 advocatos
1800 2546 1862 2601 et
1908 2540 2207 2603 officiales
2255 2542 2424 2619 ejus3
2485 2542 2628 2600 item
2677 2542 3032 2616 gravamina
3079 2540 3244 2618 regis
3291 2550 3510 2602 contra
3567 2544 3846 2605 civitates
3904 2544 4093 2604 dictas

764 2650 825 2703 et
870 2650 1255 2705 mercatores
1303 2660 1537 2721 earum,
1589 2645 1691 2720 qui
1740 2641 2216 2704 Hensebrodere
2265 2642 2574 2704 dicuntur.
2627 2678 2699 2687 —
2755 2644 2897 2703 Sine
2945 2658 3110 2704 anno
3159 2649 3220 2704 et
3265 2643 3385 2706 die.

1375 2746 1505 2809 Dipl.
1546 2744 1792 2804 Svecan.,
1839 2745 1917 2796 ed.
1968 2746 2021 2795 B.
2060 2744 2115 2795 E.
2154 2744 2470 2795 Hildebrand
2519 2746 2572 2795 V.
2624 2744 2862 2811 134—38
2905 2744 3020 2809 (her
3065 2745 3277 2797 henfert
3317 2746 3380 2797 til
3418 2746 3757 2799 Fredsmadet
3799 2749 3816 2798 l
3853 2746 4088 2806 Rostoek,

1374 2832 1556 2882 Deebr.
1590 2830 1762 2887 1342).
1836 2831 1933 2882 Om
1966 2830 2127 2882 Tiden
2169 2844 2225 2881 se
2255 2830 2465 2888 Munch,
2504 2831 2598 2881 Det
2627 2832 2819 2882 norske
2851 2830 3003 2881 Folks
3036 2833 3161 2882 ilist.
3193 2831 3241 2883 2.
3273 2832 3386 2883 Md.
3417 2832 3453 2883 Ι.
3481 2832 3738 2896 279-80,
3779 2833 3911 2885 hvor
3937 2846 4088 2897 ogsaa

1373 2918 1499 2968 flere
1535 2914 1886 2980 Brudstykker
1922 2918 1977 2967 ar
2010 2916 2280 2980 Klagerne.
2394 2972 2399 2978 ,
3405 2956 3410 2959 -

1064 3036 1283 3102 *1850.
1378 3038 1736 3116 Conceptus
1783 3036 2238 3117 pacificationis
2274 3037 2435 3098 inter
2469 3036 2746 3115 Miletum,
2797 3036 3050 3116 Swecie,
3095 3036 3414 3114 Norwegie
3455 3043 3515 3099 et
3553 3038 3818 3101 Schanie
3856 3056 4083 3117 regem,

760 3147 821 3201 et
867 3140 1145 3201 civitates
1193 3140 1785 3213 (Hanseaticas).'-—
1842 3140 1984 3200 Sine
2032 3155 2198 3200 anno
2246 3144 2308 3199 et
2352 3138 2470 3201 die.

1376 3242 1507 3305 Dipl.
1547 3242 1785 3300 Svecan„
1824 3240 1903 3291 ed.
1944 3242 1997 3291 B.
2026 3240 2083 3291 E.
2117 3240 2437 3290 Hildebrand
2477 3242 2527 3290 V.
2567 3240 2682 3294 175.
2755 3240 3094 3293 Urlmndenh.
3135 3241 3183 3291 d.
3223 3241 3372 3293 Stadt
3406 3242 3618 3294 Lubeclt
3656 3241 3712 3293 ll.
3751 3242 4001 3297 719-20.

763 3362 1289 3435 ‘1851(=2232),
1381 3362 1563 3425 Bring,
1610 3361 1794 3412 Handl.
1843 3361 1942 3411 och
1989 3360 2348 3411 Paminnelser
2396 3363 2413 3411 i
2460 3360 2708 3411 Swanska
2753 3360 2882 3413 Hist.
2932 3362 2966 3411 l.
3016 3360 3268 3414 186-89.
3349 3362 3658 3423 Hoffmann,
3708 3363 3946 3416 Giinther
3990 3378 4088 3416 von

1376 3446 1752 3509 Schwarzburg
1801 3446 1880 3497 ΙΙΙ.
1920 3446 1971 3497 S.
2002 3446 2240 3496 Vll—lx.
2323 3444 2662 3497 Urkundenb.
2715 3446 2763 3496 d.
2804 3445 2953 3496 Stadt
2987 3445 3200 3498 Labeck
3243 3446 3303 3497 11.
3343 3446 3594 3501 720-22.
3678 3449 3809 3514 Dlpl.
3856 3450 4090 3509 Svecan„

1375 3532 1454 3583 ed.
1504 3532 1560 3582 B.
1596 3532 1651 3581 E.
1684 3530 2003 3583 Hildebrand
2045 3529 2100 3580 V.
2150 3529 2405 3584 175—77.
2489 3530 3004 3595 neklenburgtsches
3047 3531 3386 3584 Urkundenb.
3443 3533 3523 3584 lx.
3579 3532 3832 3590 485—86.
3913 3535 4028 3587 Udt.
4075 3538 4090 3585 i

1376 3618 1585 3677 Mum-h,
1625 3618 1721 3668 Det
1756 3617 1945 3668 norske
1982 3616 2137 3667 Folks
2175 3616 2301 3667 illst.
2339 3616 2387 3669 2.
2426 3616 2538 3667 Ard.
2577 3618 2610 3666 l.
2649 3617 2764 3671 280.

1067 3720 1285 3784 *1852
1377 3720 1844 3795 Ψμιοιωιιυε)
1914 3721 2230 3782 Danorum
2304 3720 2796 3797 Sclauorumque
2865 3738 2974 3782 rex
3043 3720 3347 3799 declarat,
3428 3720 3673 3785 Petrum
3744 3722 4090 3785 Woendilho

760 3824 1013 3883 militem
1068 3841 1277 3885 coram
1333 3824 1665 3901 justitiario
1725 3839 1841 3884 suo
1900 3810 2191 3901 quattuor
2251 3838 2492 3883 marcas
2539 3824 2678 3902 puri
2725 3825 2998 3901 argenti,
3056 3824 3120 3884 in
3179 3823 3405 3901 quihus
3450 3824 3732 3888 Andreas
3779 3826 4090 3887 Paeterson

760 3928 1001 3987 ratione
1068 3925 1375 3987 bonorum
1438 3928 1499 3986 in
1556 3924 1865 4005 Karthorp
1927 3926 2196 3988 Johanni
2256 3924 2522 3986 Lembec
2591 3925 2766 3985 militi
2837 3924 3191 4004 tenebatur,
3261 3942 3333 3987 ex
3392 3925 3566 4007 parte
3629 3928 3780 3991 dicti
3832 3929 4090 3991 Andreae

762 4028 1039 4106 legaliter
1086 4025 1465 4091 exhibuisse.
1514 4064 1595 4074 ——
1645 4027 1931 4090 Secunda
1977 4028 2129 4089 feria
2175 4044 2348 4107 prox.
2400 4033 2542 4088 ante
2590 4028 2817 4090 festum
2867 4027 2925 4089 b.
2976 4028 3158 4090 Olaui
3205 4032 3392 4107 regis,

1346 4130 1429 4181 Ἠ.
1460 4131 1679 4189 Matzen,
1717 4129 1825 4180 Den
1865 4129 2062 4180 danske
2098 4129 2370 4181 Panterets
2407 4129 2536 4180 Hist.
2576 4129 2626 4180 S.
2657 4129 2773 4184 461.

1065 4232 1284 4298 *1853
1376 4234 1746 4295 WALnemm
1799 4232 2113 4294 Danorum
2163 4232 2646 4310 sclavorumque
2711 4235 2875 4309 regis
2923 4240 2989 4295 et
3029 4234 3208 4296 ducis
3247 4234 3521 4297 Estoniae
3570 4236 3904 4299 conventio
3949 4245 4086 4299 cum

758 4334 1009 4412 Magno,
1060 4336 1320 4413 Sueciae,
1360 4335 1679 4412 Nor-vegim
1718 4342 1780 4397 et
1816 4335 2051 4397 Scaniae
2090 4351 2260 4413 rege,
2298 4335 2372 4396 de
2412 4352 2562 4413 pace
2598 4333 2774 4397 firma
2808 4338 3125 4415 perpetuis
3163 4338 3547 4415 temporibus
3583 4338 3877 4401 duratura
3913 4340 4090 4417 tacta,

756 4451 867 4516 per
915 4453 1097 4514 quam
1150 4438 1582 4514 constituitur,
1642 4446 1710 4499 ut
1756 4454 1976 4499 omnes
2036 4439 2197 4498 inter
2253 4444 2585 4516 utrumque
2643 4439 2981 4500 existentes
3039 4436 3474 4501 dissensiones
3531 4458 3569 4502 a
3612 4440 3922 4503 duodenis
3979 4458 4088 4520 pro

757 4545 1017 4617 utraque
1089 4545 1261 4620 parte
1331 4540 1547 4602 electis
1615 4540 1860 4602 arbitris
1920 4539 2323 4617 Wardbergis
2393 4539 2489 4601 die
2551 4538 2610 4603 6.
2672 4540 2963 4602 Octobris
3023 4542 3209 4621 hujus
3266 4544 3412 4603 anni
3471 4549 3952 4622 componantur.
4011 4578 4084 4587 —

756 4641 1228 4722 Belsinqburqis,
1276 4644 1551 4703 crastino
1598 4634 1718 4703 diei
1764 4641 1823 4703 b.
1874 4640 2035 4704 Petri
2082 4641 2433 4704 aduincula.

1376 4744 1506 4807 Dipl.
1546 4744 1787 4803 Svecan.,
1836 4743 1913 4795 ed.
1962 4746 2015 4795 B.
2046 4744 2102 4795 E.
2132 4744 2451 4795 Hildebrand
2497 4744 2552 4794 V.
2591 4743 2844 4800 178-82,
2919 4746 3122 4810 Bunge‚
3169 4746 3327 4806 le.-‚
3373 4742 3548 4799 astu·
3585 4753 3637 4799 n.
3677 4743 4088 4801 Curunmsehes

1371 4829 1709 4881 urkundenb.
1750 4830 1805 4880 ll.
1838 4830 2091 4884 360—65.
2165 4830 2373 4881 Brudst.
2413 4833 2430 4881 l
2466 4830 2524 4881 Ο.
2557 4831 2784 4891 Nlelsen,
2825 4831 3191 4892 lijsbenhavns
3218 4832 3652 4898 mplomatartum
3687 4834 3726 4885 1.
3759 4832 3848 4889 84„
3915 4831 4036 4887 Udi..
4067 4836 4084 4887 l

1370 4916 1579 4975 Munch,
1619 4916 1714 4967 Det
1750 4918 1941 4967 norske
1978 4916 2130 4968 Follis
2167 4917 2297 4968 nist.
2334 4917 2384 4970 2.
2413 4916 2525 4967 Md.
2565 4917 2598 4966 l.
2635 4916 2752 4971 282.
3732 4947 3744 4962 .

1062 5018 1282 5083 uss-1.
1375 5020 1769 5081 Vntosxstnvs
1828 5032 1933 5081 rex
1994 5022 2206 5097 viginti
2269 5018 2559 5098 quattuor
2619 5019 2836 5083 electis
2896 5018 3176 5101 arbitris,
3235 5019 3715 5105 archiepiscope

757 5120 1180 5198 superarbitro
1228 5122 1593 5200 constituto,
1642 5136 1861 5181 omnes
1910 5123 2339 5204 placitationes
2387 5129 2448 5184 et
2493 5120 2726 5186 litteras
2775 5126 2933 5186 inter
2979 5138 3047 5187 se
3095 5125 3157 5187 et
3201 5109 3520 5207 Magnum,
3639 5212 3642 5214 Α
