4275 5759
428 568 448 627 l
462 561 610 628 308.

441 665 491 719 2.
532 665 665 726 nasi.

386 1351 470 1406 28.
506 1352 668 1403 lunii.

408 1778 489 1832 13.
525 1779 671 1830 lulli.

407 2207 489 2261 25.
527 2207 669 2258 Julil.

315 2634 400 2688 12.
433 2635 677 2698 Augusti.

316 2754 400 2808 12.
434 2755 678 2817 August-l.

316 2873 398 2927 12.
433 2875 675 2936 Augusti.

319 3507 402 3560 12.
434 3507 675 3569 Augusti.
774 3545 799 3570 ,

318 4139 402 4192 12.
433 4141 677 4203 Augusti.

321 4565 406 4618 12.
435 4567 679 4629 Augusti.

745 389 889 466 144
1982 383 2200 462 Kone
2255 385 2446 460 Eam
2499 385 2834 460 Msnvnn.

1086 665 1262 730 *907.
1357 665 1651 727 Stilstand
1703 665 1947 726 mellem
1996 663 2329 740 Kongerne
2379 663 2526 725 Ean(
2570 664 2639 724 af
2676 661 2985 723 Danmark
3036 679 3117 740 og
3153 613 3389 726 ‘braosa
3432 664 3499 724 af
3540 664 3752 739 Sverig
3797 679 3918 743 paa
3961 663 4083 724 den

737 785 854 829 ene
901 785 983 844 og
1037 767 1113 830 de
1162 770 1425 829 svenske
1461 767 1770 846 Hertuger
1803 767 2130 828 vitonum
2169 783 2248 842 og
2284 765 2433 827 Ean<
2469 781 2588 845 paa
2621 765 2740 825 den
2778 766 2976 826 anden
3018 765 3182 827 Side.
3217 801 3304 810 —
3339 767 3556 844 Bierqe
3585 765 3819 844 Kircke,
3865 765 4087 842 Dagen

737 871 895 931 efter
940 869 1205 951 Philippi
1254 887 1329 932 oc
1375 869 1613 931 Jacobi.

1350 971 1467 1023 Udt.
1506 973 1522 1020 t
1558 971 1823 1030 Hvitl'eldt‚
1863 970 2046 1021 Danm.
2080 969 2236 1033 Riges
2265 969 2422 1020 Krsn.
2461 969 2514 1020 S.
2542 967 2783 1023 337-38
2819 969 3122 1036 (Kvartudg.
3160 970 3244 1021 ΙΙΙ.
3273 968 3553 1035 99-100),
3591 974 3610 1021 l
3641 971 3830 1030 Suhm,
3867 971 3999 1022 nist.
4037 970 4093 1021 at

1354 1057 1536 1108 Danm.
1586 1057 1662 1108 xl.
1706 1055 1946 1110 585—86
1999 1069 2063 1118 og
2108 1056 2127 1105 1
2175 1054 2436 1118 Rydberg,
2491 1055 2712 1118 Sverges
2757 1055 3026 1108 Traktatcr
3083 1057 3118 1106 Ι.
3167 1056 3422 1111 336—37.
3513 1057 3738 1108 over-sat
3775 1069 3876 1119 paa
3916 1055 4091 1119 Tydsk

1352 1146 1369 1192 i
1414 1143 1711 1201 Fabricius,
1759 1140 1976 1192 Studien
2027 1141 2063 1191 Ι.
2108 1139 2329 1194 80-81.
2411 1140 2512 1190 Om
2558 1140 2916 1192 Forstaaelseu
2964 1155 3023 1193 se
3066 1142 3224 1192 sstds.
3273 1143 3325 1194 S.
3360 1141 3569 1196 81-82
3612 1154 3678 1206 og
3720 1141 3941 1202 munch,
3992 1141 4090 1192 Det

1360 1229 1552 1279 norske
1590 1227 1743 1278 Folks
1782 1228 1911 1278 Hist.
1950 1225 2030 1285 lv,
2066 1225 2115 1278 2.
2157 1227 2206 1276 S.
2237 1225 2490 1279 496—97.

1088 1346 1267 1412 *908.
1360 1348 1575 1410 Eamus
1635 1348 1952 1409 Danorum
2006 1346 2491 1423 sclavorumque
2541 1364 2646 1408 rex
2697 1347 3065 1409 consulibus
3110 1346 3624 1426 Lybykcensibus
3670 1362 3785 1426 pro
3831 1353 4090 1409 centum

738 1453 952 1528 viginti
1016 1453 1289 1529 quinque
1347 1453 1575 1512 marcis
1634 1451 2029 1511 denariorum
2092 1448 2411 1527 Meynrico
2470 1448 2637 1511 dicto
2696 1450 2771 1511 de
2818 1449 3048 1529 Lapide
3108 1467 3224 1512 suo
3282 1451 3489 1528 (regis)
3545 1451 3802 1512 nomine
3860 1449 4090 1510 solutis

741 1555 1141 1633 quittanciam
1192 1553 1313 1614 dat.
1360 1588 1445 1597 —
1491 1553 1889 1631 Nylcopynqlt,
1938 1554 2001 1611 in
2046 1550 2254 1627 vigilia
2296 1549 2358 1611 b.
2407 1552 2835 1632 apostolorum
2885 1551 3046 1613 Petri
3093 1558 3154 1613 et
3198 1551 3392 1614 Pauli.

1354 1654 1693 1708 Urkundenh.
1732 1653 1782 1703 d.
1820 1653 1971 1705 Stadt
2006 1653 2220 1704 Lubeck
2257 1652 2316 1704 11.
2353 1652 2470 1706 199.

1089 1776 1266 1840 *909.
1355 1775 1625 1854 Paraus,
1696 1775 2034 1854 episcopus
2094 1773 2538 1853 othoniensis,
2599 1773 2847 1853 scribit,
2919 1791 2987 1836 se
3044 1774 3355 1836 cambium
3413 1791 3450 1836 a
3505 1773 3758 1837 domino
3815 1775 4090 1852 Canuto,

743 1879 1053 1956 quondam
1114 1879 1491 1956 camerario,
1550 1895 1693 1939 cum
1753 1875 2125 1937 dominabus
2184 1877 2247 1936 in
2291 1873 2512 1936 Dalum
2571 1875 2837 1956 factum,
2897 1894 3088 1955 quum
3146 1877 3378 1940 nullius
3433 1879 3668 1957 praelati
3725 1893 4092 1939 consensus

739 1981 817 2041 ad
863 1980 986 2041 hoc
1032 1981 1395 2058 accesserit,
1444 1996 1696 2041 cassum
1743 1984 1805 2040 et
1849 1979 2088 2039 irritum
2126 1978 2433 2057 judicare.
2481 2015 2562 2022 —
2608 1979 2902 2055 Orckillcn
2954 1979 3055 2040 ΙΙΙ.
3104 1979 3187 2040 id.
3234 1980 3399 2042 Julii.

1356 2081 1471 2133 Udt.
1510 2083 1529 2132 t
1564 2081 1859 2145 Langsbek,
1898 2081 2149 2144 scriptor.
2188 2093 2288 2131 rer.
2327 2080 2564 2132 nantcar.
2602 2082 2639 2132 1.
2675 2081 2794 2134 297.

1090 2201 1266 2266 *910.
1359 2201 1540 2280 Kong
1585 2203 1731 2266 Eam
1778 2206 1955 2279 tager
1999 2201 2143 2262 Tvis
2179 2201 2431 2262 Kloster
2475 2203 2496 2261 i
2543 2202 2639 2261 sin
2677 2201 3086 2281 Beskyttelse,
3137 2201 3486 2263 stadfaester
3531 2200 3667 2263 dets
3707 2201 4094 2280 Privilegier,

741 2305 977 2367 tilslaar
1015 2305 1119 2366 det
1143 2304 1557 2367 Skatterrihed
1592 2323 1673 2382 og
1708 2303 2007 2366 sorunder
2043 2304 2147 2364 det
2181 2304 2236 2364 al
2271 2304 2564 2380 hungelig
2595 2303 2876 2380 Sagei'ald
2915 2306 2980 2366 af
3008 2304 3146 2366 dets
3173 2304 3421 2366 Bonder
3456 2321 3535 2381 og
3559 2305 3846 2383 Tjeuere,
3887 2303 4094 2364 baade

740 2407 827 2471 40
862 2408 1069 2469 Marks
1118 2409 1310 2484 Sager
1356 2425 1437 2484 og
1484 2407 1816 2470 derunder.
1868 2441 1946 2451 —
1994 2405 2471 2484 Worclinqboriq,
2522 2407 2720 2467 sancti
2764 2406 2999 2485 Jacoby
3045 2408 3310 2485 apostoli
3360 2405 3500 2482 dag.
3575 2405 3806 2482 (Dansk
3845 2407 4099 2482 Overs.)

1365 2510 1572 2561 Danske
1608 2509 1904 2572 Samllnger
1940 2507 2019 2558 Ν.
2056 2507 2310 2560 352-53.

1084 2629 1268 2695 1689,
1364 2630 1701 2694 Diplomatar.
1739 2629 1955 2691 Norveg.
1994 2626 2095 2679 v11.
2131 2627 2353 2682 50-51.

1088 2747 1275 2814 1690,
1366 2749 1701 2813 Dlplomatar.
1741 2749 1957 2812 Norveg.
1996 2746 2097 2798 vn.
2135 2745 2355 2800 43—49.

1097 2869 1270 2934 *911.
1366 2869 1641 2932 Cumanus
1690 2870 1871 2944 (Vtus)
1929 2883 2089 2947 papa
2146 2867 2624 2946 archiepiscopo
2673 2867 2988 2929 Lundensi
3047 2876 3107 2930 et
3165 2867 3576 2946 suffraganeis
3633 2869 3771 2947 ejus
3816 2869 4102 2947 mandat,

743 2980 812 3034 ut
856 2989 999 3034 cum
1048 2971 1418 3050 quibusdam
1476 2972 1749 3050 praelatis
1794 2971 1871 3031 ad
1928 2971 2051 3032 hoc
2110 2969 2422 3049 deputatis
2480 2977 2699 3030 contra
2754 2971 2974 3031 fratres
3034 2970 3269 3031 ordinis
3316 2970 3556 3051 Templi
3601 2970 4104 3033 Jerosolimitani

745 3078 807 3136 in
853 3075 1173 3153 provincia
1220 3091 1333 3135 sua
1377 3073 1681 3151 degentes
1730 3090 1919 3154 super
1963 3070 2242 3133 articulis
2285 3074 2673 3134 transmissis
2711 3074 3046 3151 inquirant,
3095 3079 3156 3134 et
3201 3079 3270 3134 ut
3304 3079 3527 3153 postea
3563 3090 3676 3152 per
3708 3075 4102 3152 provinciale

744 3177 1079 3238 concilium
1130 3175 1513 3238 absolutoria
1559 3195 1671 3238 seu
1719 3175 2232 3237 condemnatoria
2279 3177 2590 3236 sententia
2634 3175 3000 3254 proseratur.
3040 3208 3123 3218 —
3162 3176 3452 3253 PictaviS,
3501 3175 3572 3236 ΙΙ.
3621 3175 3760 3236 idus
3804 3178 4102 3256 Augusti,

744 3279 1147 3358 pontificatus
1193 3281 1393 3340 nostri
1437 3296 1603 3340 anno
1649 3280 1854 3340 tertio.

1364 3378 1699 3444 Dlplomatar.
1738 3381 1955 3443 Norveg.
1999 3378 2101 3431 Vll.
2137 3379 2357 3433 51—53.

1096 3499 1275 3563 *912
1370 3501 1643 3561 Caunus
1692 3504 1873 3575 (uus)
1934 3517 2093 3579 papa
2148 3500 2514 3580 patriarchae
2562 3495 3101 3578 Jero‘solimitano,
3160 3501 3638 3580 archiepiscopo
3687 3498 4102 3578 Eboracensi,

750 3602 1173 3664 Lincolniensi
1222 3608 1284 3663 et
1325 3603 1710 3664 cicestrensi
1757 3609 1819 3665 et
1863 3602 2296 3664 Aurelianensi
2343 3603 2684 3682 episcopiS,
2735 3609 2797 3662 et
2839 3602 2976 3662 aliis
3022 3603 3291 3680 praelatis
3339 3608 3402 3662 et
3443 3603 3590 3663 viris
3637 3601 4101 3665 ecclesiasticis

748 3707 1029 3783 mandat,
1087 3711 1154 3766 ut
1199 3705 1262 3766 in
1302 3706 1629 3785 ,provincia
1670 3704 1991 3766 Lundensi
2038 3722 2182 3766 cum
2229 3705 2706 3784 archiepiscopo
2754 3703 3072 3766 Lundensi
3121 3713 3182 3766 et
3227 3705 3639 3782 suffraganeis
3685 3707 3824 3782 ejus
3871 3713 4105 3767 contra

746 3809 969 3869 fratres
1038 3805 1275 3869 ordinis
1332 3806 1572 3887 Templi
1633 3808 2119 3869 Jerosolimitani
2183 3825 2373 3886 super
2432 3807 2710 3869 articulis
2766 3809 3153 3870 transmissis
3219 3808 3537 3886 inquirant
3593 3811 3657 3868 et
3713 3811 4101 3870 sententiam

748 3911 1085 3991 proferant.
1139 3943 1212 3954 —
1263 3912 1551 3988 Pictavi-³,
1602 3909 1672 3970 ll.
1721 3911 1861 3971 idus
1906 3911 2195 3988 Augusti,
2242 3909 2644 3989 pontificatus
2690 3911 2888 3971 nostri
2935 3927 3122 3972 anno.

1365 4011 1701 4076 Dlplomatar.
1740 4013 1955 4076 Norveg.
1993 4011 2097 4063 Vll.
2133 4011 2217 4065 53.

1100 4131 1273 4197 *913.
1366 4133 1644 4195 Genusus
1704 4133 1885 4209 (vtus)
1943 4149 2103 4213 papa
2159 4131 2476 4194 Lundensi
2548 4138 2608 4192 et
2663 4131 3056 4193 Nidrosiensi
3112 4133 3609 4216 archiepiscopis
3666 4137 3729 4194 et
3782 4133 4098 4211 Ber-gensi

747 4237 1053 4316 episcopo
1120 4235 1723 4298 administrationem
1794 4236 2074 4297 omnium
2143 4235 2450 4296 bonorum
2522 4234 2760 4296 ordinis
2821 4235 3061 4314 Templi
3119 4235 3607 4298 lerosolimitani
3665 4235 3727 4295 in
3785 4235 3968 4297 Datia
4039 4245 4104 4298 et

748 4338 1056 4415 Nol-vegia
1092 4339 1572 4400 consistentium
1608 4339 1959 4401 committit.
2000 4373 2075 4383 —
2114 4339 2403 4416 pictavis,
2442 4336 2515 4397 ΙΙ.
2542 4336 2683 4398 idus
2706 4339 2995 4416 Augusti,
3030 4337 3431 4416 pontificatus
3465 4339 3664 4400 nostri
3689 4354 3856 4399 anno
3881 4343 4099 4402 tertio.

1366 4440 1703 4504 Diplomatar.
1744 4440 1959 4504 Norveg.
1995 4436 2099 4490 vu.
2136 4437 2357 4492 54—57.

1102 4559 1277 4624 *914.
1372 4559 1647 4622 Casurus
1696 4561 1879 4636 (vtus)
1926 4576 2087 4640 papa
2131 4559 2335 4621 abbati
2373 4561 2737 4622 monasterii
2785 4561 2844 4622 S.
2884 4561 3175 4623 Germani
3220 4560 3296 4622 de
3341 4558 3540 4621 Pratis
3577 4561 3756 4640 juxta
3789 4559 4098 4643 Par-isius,

748 4667 813 4724 in
869 4664 1125 4740 negotio
1182 4663 1607 4740 inquisitionis
1680 4669 1899 4724 contra
1968 4662 2254 4725 ordinem
2309 4662 2802 4741 Templariorum
2863 4664 2938 4725 ad
2997 4665 3311 4742 Angliam,
3383 4663 3688 4740 Scotiam,
3759 4663 4096 4746 lber-niam,

749 4766 1120 4843 Norvegiam
1170 4770 1232 4826 et
1277 4765 1511 4826 Duum
1559 4764 1892 4842 destinato,
1949 4783 2059 4826 sex
2102 4766 2379 4827 florenos
2425 4767 2559 4828 auri
2603 4782 2718 4846 pro
2766 4766 3029 4844 singulis
3076 4764 3296 4828 diebus
3341 4767 3581 4828 itineris
3625 4765 3906 4846 deputat,
3955 4785 4096 4847 quae

750 4885 1040 4948 expensae
1088 4866 1163 4928 de
1209 4866 1396 4928 bonis
1442 4866 1933 4946 Templariorum
1983 4883 2095 4948 per
2143 4866 2678 4929 administratores
2734 4866 3048 4932 bonorum
3092 4869 3374 4950 ipsorum
3430 4868 3741 4931 solvendae
3789 4877 3964 4932 sunt.
4015 4905 4092 4916 —

750 4971 1038 5050 Pictavis,
1088 4970 1159 5031 ΙΙ.
1208 4969 1348 5032 idus
1396 4971 1681 5048 Augusti,
1728 4969 2127 5048 pontificatus
2174 4972 2373 5032 nostri
2420 4987 2585 5032 anno
2632 4972 2838 5034 tertio.

1363 5071 1703 5137 Dlplomatar.
1736 5073 1952 5136 Norveg.
1984 5072 2086 5123 vn.
2116 5071 2337 5126 57—58.
2411 5073 2623 5124 Summe
2652 5072 2758 5137 Bag
2793 5073 2913 5124 blev
2949 5073 3040 5124 der
3069 5074 3248 5124 truffet
3279 5073 3680 5125 Bestemmelser
3713 5086 3804 5124 om
3831 5072 4096 5128 materne

1366 5157 1448 5212 for
1484 5157 1648 5210 andro
1684 5159 2018 5210 Mediemmer
2054 5159 2111 5210 at
2142 5159 2583 5210 Kommtsslonen.
