4275 5759
1312 383 1521 456 Kone
1576 381 1972 455 VALDEMAR
2028 387 2424 456 Ari-ennae.
3375 389 3521 460 343

501 657 718 724 *2505.
812 658 1083 722 [Insanus
1140 657 1323 738 (Vtut)
1380 673 1539 736 papa
1595 657 1989 718 waldemaro
2046 659 2180 733 regi
2239 658 2551 719 Danorum
2611 659 2929 734 concedit,
3003 665 3068 720 ut
3125 675 3310 720 nemo
3369 657 3520 720 sub·

220 762 463 824 diturum
524 765 660 841 ejus
716 761 939 823 litteris
994 761 1361 841 apostolicis
1416 775 1625 821 coram
1687 758 2168 837 quibuscunque
2216 759 2536 838 judicibus
2595 767 2764 822 extra
2819 777 3082 838 reguum
3139 767 3282 823 octo
3339 763 3522 823 annis

220 865 359 926 trahi
402 866 626 943 possit.
678 899 758 910 —-
808 864 1116 940 Aninione,
1164 863 1358 923 tercio
1406 878 1554 923 non.
1602 862 1841 941 Marcii,
1888 878 2054 923 anno
2103 862 2409 924 secundo.

862 966 980 1018 Udt.
1015 967 1033 1016 i
1068 966 1143 1029 ΝΥ
1177 963 1445 1016 kirkebist.
1484 963 1780 1028 Samllnger
1814 963 1871 1015 V.
1907 963 2026 1018 855.

500 1085 719 1151 *2506.
810 1085 1083 1149 Usamus
1132 1085 1311 1160 (vtus)
1361 1099 1518 1164 papa
1560 1082 1935 1146 waldemari
1982 1085 2148 1160 regis
2200 1086 2511 1147 Danorum
2561 1085 2986 1148 fundationem
3035 1091 3098 1148 et
3141 1087 3522 1148 dotationem

219 1189 581 1266 quarundam
628 1187 1003 1268 capellarum
1048 1187 1395 1249 confirmat.
1446 1221 1527 1232 —-
1576 1189 1883 1266 avinione,
1931 1189 2125 1248 tercio
2174 1204 2323 1248 non.
2373 1186 2609 1266 Marcii,
2657 1205 2822 1250 anno
2869 1188 3172 1252 secundo.

810 1290 929 1343 Udt.
964 1293 982 1341 t
1018 1291 1093 1355 ΝΥ
1126 1290 1395 1342 kirkehlst.
1434 1289 1729 1353 Samllnger
1768 1290 1822 1340 V.
1856 1289 1977 1344 855.
2074 1311 2081 1318 ·

502 1412 719 1477 ·2507.
808 1411 1083 1474 nunnus
1129 1411 1313 1486 (Vtue)
1370 1427 1531 1490 papa
1574 1408 1968 1471 waldemaro
2027 1411 2156 1487 regi
2203 1409 2524 1472 Danorum
2579 1410 2935 1474 facultatem
2999 1411 3270 1491 capellas
3327 1409 3523 1472 oedifl-

219 1517 400 1595 candi,
446 1514 746 1578 fundandi
790 1519 853 1575 et
896 1512 1147 1576 dotandi
1196 1513 1505 1575 concedit.
1556 1547 1639 1556 —-
1688 1515 1994 1592 Avmione,
2041 1514 2238 1574 tercio
2285 1531 2433 1574 uon.
2484 1513 2720 1593 Marcii,
2769 1530 2933 1575 anno
2982 1512 3286 1575 secundo.

804 1615 923 1667 Udt.
960 1619 978 1667 l
1013 1616 1089 1679 ΝΥ
1122 1614 1393 1666 kirkehlst.
1431 1613 1728 1678 snmlinger
1764 1613 1820 1665 V.
1856 1613 1974 1668 855.

502 1737 720 1802 *2508
810 1735 1088 1799 Usamus
1155 1735 1335 1810 (vtus)
1394 1752 1555 1815 papa
1612 1734 2004 1797 waldemaro
2073 1737 2204 1813 regi
2261 1709 2580 1820 Danorum
2649 1735 3003 1798 facultatem
3075 1739 3521 1800 monasterium

220 1841 462 1921 alicujus
511 1840 749 1903 ordinis
793 1839 1117 1919 approbati
1164 1836 1603 1916 construendi,
1661 1836 1959 1899 fundandi
2018 1845 2080 1900 et
2137 1837 2390 1900 dotaudi
2437 1840 2749 1901 concedit.
2809 1875 2892 1884 —
2951 1843 3269 1919 avinione,
3329 1833 3524 1903 tercio

222 1962 349 2007 non.
394 1944 633 2022 Marcii,
678 1958 844 2004 anno
894 1941 1195 2004 secundo.

812 2043 926 2096 Udt.
964 2047 981 2095 i
1018 2045 1092 2109 ΝΥ
1124 2043 1393 2095 kirkehist.
1431 2044 1725 2109 Samlinger
1760 2042 1819 2095 V.
1854 2041 1977 2097 855.

324 2242 329 2246 -
502 2165 722 2231 *2509
812 2165 1084 2228 nummus
1112 2166 1295 2241 (Vtus)
1320 2181 1481 2245 papa
1504 2165 1793 2226 omnibus
1820 2164 2113 2244 capellas,
2150 2166 2212 2224 in
2251 2164 2476 2242 quibus
2517 2166 2820 2228 nonnulla
2853 2166 3126 2244 reliquiis
3167 2174 3523 2230 sanctorum

230 2285 259 2328 a
296 2269 673 2330 waldemaro
729 2284 877 2345 rege
937 2285 1049 2329 seu
1106 2266 1681 2347 proedecessoribus
1737 2270 1874 2346 ejus
1932 2267 2184 2343 regibus
2233 2267 2437 2329 Dacioe
2497 2269 2716 2347 positae
2775 2275 2953 2346 sunt,
3013 2270 3404 2333 visitantibus
3459 2271 3523 2331 in

232 2371 632 2434 festivitatibus
688 2386 881 2433 unum
938 2388 1169 2433 anuum
1227 2376 1290 2432 et
1344 2387 1529 2432 unam
1591 2369 2049 2448 quadragenam
2107 2370 2184 2431 de
2233 2371 2527 2448 injunctis
2574 2373 2650 2433 iis
2698 2373 3099 2451 poenitentiis
3147 2374 3394 2436 relaxat.
3441 2407 3522 2418 —

236 2477 510 2553 Avinione,
558 2475 755 2536 tercio
800 2491 949 2536 non.
997 2473 1235 2553 Marcii,
1283 2490 1447 2535 anno
1496 2473 1797 2535 secundo.

810 2575 928 2628 Udt.
966 2578 983 2627 l
1021 2577 1095 2640 ΝΥ
1128 2575 1399 2627 kirkehist.
1436 2575 1731 2638 Samllnger
1770 2576 1823 2624 V.
1858 2573 2113 2628 855-56.

502 2695 723 2762 *2510.
814 2695 1086 2760 Usamus
1131 2697 1315 2771 (Vtus)
1366 2713 1527 2776 papa
1583 2696 2061 2776 archiepiscopo
2112 2683 2426 2758 Lundensi
2481 2697 2762 2776 mandat,
2823 2705 2890 2760 ut
2945 2699 3006 2758 in
3065 2699 3524 2762 cathedralibus

236 2799 487 2862 ecclesiis
522 2803 701 2876 regni
738 2801 941 2863 Dacioe
976 2801 1085 2863 uni
1121 2815 1405 2879 personat
1443 2797 1683 2861 idoneoe
1720 2815 1832 2877 per
1865 2814 2073 2874 regem
2114 2797 2574 2860 waldemarum
2611 2801 3002 2862 nominandae
3041 2802 3117 2863 de
3154 2805 3524 2865 canonicatu

236 2903 534 2978 provideat.
584 2939 663 2948 —-
711 2904 1020 2982 Avinione,
1070 2903 1265 2964 tercio
1313 2919 1460 2962 non.
1512 2899 1747 2980 Marcii,
1795 2917 1961 2962 anno
2009 2898 2312 2962 secundo.

808 3005 927 3058 Udt.
964 3008 981 3056 l
1017 3005 1091 3068 ΝΥ
1124 3004 1394 3056 kirkeblst.
1433 3004 1729 3068 Samllnger
1764 3003 1822 3056 V.
1856 3002 1977 3056 856.

504 3109 720 3173 ’2511.
778 3109 1085 3172 Usamus
1122 3108 1305 3184 Νῶε)
1351 3125 1512 3188 papa
1550 3105 1941 3170 waldemaro
1991 3108 2120 3182 regi
2157 3107 2472 3168 Danorum
2509 3107 2818 3186 concedit,
2868 3115 2935 3170 ut
2969 3110 3298 3172 ecclesiam
3336 3127 3521 3173 unam

240 3226 353 3270 cum
394 3211 506 3272 alia
548 3214 785 3274 unitam
831 3213 926 3273 vel
969 3211 1046 3273 de
1092 3211 1211 3273 alia
1256 3210 1711 3291 dependentem
1756 3210 1821 3270 in
1867 3209 2258 3287 collegiatam
2309 3211 2546 3287 erigere
2594 3215 2656 3271 et
2700 3227 2834 3272 eam
2880 3227 2996 3291 pro
3045 3215 3341 3275 servitore
3387 3217 3523 3293 ejus

238 3311 459 3377 fundare
502 3321 567 3378 et
610 3313 823 3376 dotare
870 3315 1085 3376 valeat.
1134 3349 1216 3360 --
1264 3316 1596 3400 avinione,v
1621 3315 1815 3374 tercio
1861 3329 2012 3374 nou.
2059 3311 2300 3392 Marcii,
2345 3329 2512 3374 anno
2559 3313 2866 3375 secundo.

810 3415 929 3469 Udt.
962 3418 983 3467 l
1016 3416 1093 3481 ΝΥ
1126 3415 1397 3468 kirkehlst.
1432 3415 1729 3480 Samnaga·
1763 3414 1821 3465 V.
1858 3414 1977 3468 856.

504 3519 726 3585 *2512
812 3519 1037 3586 Uunszu
1091 3521 1225 3597 (vu)
1280 3536 1457 3600 papae
1512 3519 1713 3598 bulla,
1770 3525 1842 3582 ut
1894 3517 2113 3580 decem
2171 3517 2472 3598 capellani
2545 3524 2607 3579 et
2659 3520 2872 3580 clerici
2927 3519 3299 3583 waldemari
3357 3523 3524 3600 regis

236 3619 516 3685 Dacorum
571 3623 815 3685 fructus
873 3628 938 3686 et
989 3622 1267 3685 redditus
1326 3624 1604 3684 omnium
1669 3620 2119 3684 beneficiorum
2177 3621 2748 3683 ecclesiasticorum
2808 3638 3066 3684 suorum
3123 3626 3186 3684 in
3242 3623 3526 3685 absentia

235 3706 519 3805 percipere
562 3727 827 3789 valeant.
876 3760 959 3772 —
1003 3726 1317 3805 Avinione,
1362 3726 1557 3787 tercio
1604 3741 1753 3786 non.
1803 3724 2039 3803 Marcii,
2085 3739 2254 3785 anno
2301 3724 2600 3786 secundo.

810 3828 928 3882 Udt.
964 3830 983 3880 l
1018 3829 1093 3893 ΝΥ
1126 3828 1397 3881 kukehist.
1434 3827 1729 3892 smunger
1765 3827 1822 3878 V.
1858 3825 1977 3881 856.

504 3931 723 3998 *2513.
813 3933 1038 3997 Unum
1094 3931 1227 4008 (th)
1283 3948 1458 4012 papae
1518 3930 1906 3993 confirmatio
1962 3929 2422 4008 privilegiorum
2493 3947 2944 3992 concessorum
3005 3933 3521 4014 archiepiscopis,

234 4035 549 4115 episcopis,
596 4034 877 4115 clericis,
926 4034 1287 4114 abbatibus,
1346 4035 1689 4114 prioribu8‚
1749 4034 2039 4114 decanis,
2094 4035 2486 4113 praepositis,
2543 4033 3002 4097 archidiaconis
3049 4042 3168 4098 etc.
3217 4037 3279 4096 in
3327 4053 3522 4113 regno

236 4132 407 4198 Daciae
452 4139 831 4202 constitutis.
881 4175 963 4185 -
1012 4139 1320 4217 Avim'one,
1368 4155 1516 4198 non.
1566 4137 1769 4214 Mart„
1817 4152 1918 4197 an.
1965 4134 2028 4199 2.

810 4240 928 4293 Udt.
965 4246 981 4293 l
1018 4241 1092 4305 ΝΥ
1126 4240 1393 4292 kirkehlst.
1433 4238 1728 4304 Samllnger
1769 4239 1822 4289 V.
1857 4236 1978 4296 858,
2011 4238 2129 4299 ivfr.
2168 4238 2220 4290 S.
2249 4237 2369 4292 857.

504 4343 722 4409 *2514
813 4343 1035 4408 Unam
1083 4344 1217 4420 (th)
1275 4361 1447 4423 papae
1504 4343 1753 4422 litterae,
1812 4341 2139 4404 abbatibus
2198 4341 2548 4420 Lundensi‚
2608 4341 2863 4404 Sorensi
2921 4349 3104 4420 atque
3161 4343 3526 4407 Esromensi

236 4442 550 4527 adscriptae,
599 4446 825 4525 quibus
862 4448 1255 4510 waldemaro
1303 4446 1433 4523 regi
1471 4447 1675 4508 Daciae
1712 4445 2099 4525 conceditur,
2157 4451 2260 4506 »ut
2303 4446 2369 4506 in
2415 4444 2705 4508 omnibus
2742 4445 3199 4508 cathedralibus
3236 4447 3523 4509 ecclesiis

237 4551 383 4624 regni
426 4551 520 4613 sui
566 4567 681 4631 pro
729 4553 1017 4630 personis
1065 4567 1177 4630 per
1222 4567 1363 4612 eum
1400 4549 1797 4612 nominandis
1845 4547 2129 4625 singulos
2167 4549 2575 4611 canonicatus
2613 4555 2672 4609 et
2718 4547 3082 4629 praebendas
3126 4565 3240 4628 per
3274 4550 3522 4629 judices

236 4652 523 4728 assignare
569 4659 631 4714 et
674 4653 995 4733 providere
1044 4655 1247 4734 possit
1291 4660 1353 4714 et
1396 4652 1680 4715 debeatn.
1728 4687 1810 4697 —
1856 4653 2167 4731 Avinione,
2215 4667 2366 4713 non.
2414 4651 2639 4730 Martii,
2685 4668 2831 4712 ann.
2879 4651 2954 4713 ll.

812 4755 928 4808 Udt.
966 4757 984 4808 l
1018 4755 1093 4820 ΝΥ
1125 4755 1393 4806 kirkeblst.
1430 4754 1726 4818 samtingen·
1761 4753 1819 4806 V.
1855 4751 1974 4808 858.

504 4857 723 4925 9515.
814 4859 1087 4922 Usamus
1134 4857 1315 4934 (vtus)
1360 4875 1521 4938 papa
1568 4858 1959 4920 Waldemaro
2008 4859 2139 4936 regi
2183 4858 2390 4919 Daciae
2445 4864 2506 4920 et
2553 4857 2844 4920 omnibus
2902 4858 3304 4922 familiaribus
3362 4860 3520 4940 ejus,

246 4957 329 5032 qui
367 4977 581 5038 agnum
628 4962 727 5024 dei
774 4963 831 5025 ei
876 4980 915 5024 a
958 4962 1104 5025 sede
1151 4963 1497 5042 apostolica
1552 4962 1761 5023 datum
1811 4961 2223 5040 portaverint,
2283 4966 2520 5040 septem
2579 4977 2780 5024 annos
2839 4968 2901 5024 et
2956 4970 3195 5043 septem
3253 4961 3519 5042 quadra-

246 5073 407 5133 genas
449 5064 522 5126 de
566 5065 949 5142 indulgentia
994 5064 1304 5128 concedit.
1352 5100 1433 5110 —
1484 5065 1791 5144 Avinione,
1839 5079 1989 5126 non.
2034 5063 2276 5144 Marcii,
2323 5083 2489 5128 anno
2537 5064 2840 5129 secundo.

816 5167 930 5222 Udt.
967 5171 985 5220 l
1020 5168 1095 5233 ΝΥ
1129 5167 1399 5221 kirkehlst.
1435 5167 1729 5231 Samlinger
1766 5166 1823 5217 V.
1859 5165 1979 5221 858.

3648 553 3834 618 1364.

3591 657 3641 710 5.
3683 658 3863 707 uartn.

3593 1087 3642 1140 5.
3683 1089 3862 1142 Martii.

3592 1415 3642 1468 5.
3681 1414 3865 1466 Martii.

3592 1741 3641 1792 5.
3678 1742 3866 1794 Martii.

3593 2173 3640 2225 5.
3679 2173 3862 2225 liar-tlt.

3593 2703 3641 2756 5.
3680 2703 3860 2756 Martii,

3592 3115 3642 3168 5.
3681 3116 3866 3170 unul.

3592 3527 3643 3580 5.
3681 3528 3862 3580 Uartll.

3594 3937 3640 3992 7.
3679 3937 3861 3990 Martii.

3595 4348 3642 4401 7.
3679 4348 3864 4400 Martii.

3593 4862 3644 4917 7.
3678 4865 3861 4916 until.
