4275 5759
1167 360 1384 435 Kone
1437 359 1928 454 Gnmsrorrsa
1977 382 2114 433 nan
2170 362 2442 433 Anum.
3324 362 3475 435 227

3607 528 3793 593 1332.
3913 570 3921 579 ·

447 636 662 703 ’1567.
753 639 1057 703 lomnes
1137 636 1438 713 (xxndus)
1517 652 1679 716 papa
1752 635 2234 715 archiepiscopo
2304 634 2621 697 hundensi
2697 633 2781 695 Μ.
2851 633 3097 695 Petrum
3170 634 3480 711 Geruasii,
3551 630 3601 685 8-
3639 630 3787 682 Febr.

193 742 512 802 canonicum
582 741 1040 819 vivariensem,
1109 741 1394 802 nuntium
1470 738 1638 801 sedis
1705 739 2102 819 apostolicae,
2172 736 2589 801 commendat.
2651 771 2736 781 —
2796 736 3121 815 Αυίηἱοηε,
3181 736 3281 798 vl.
3339 736 3483 798 idus

194 842 481 921 Februarii,
527 843 934 923 pontificatus
981 844 1181 904 nostri
1227 860 1393 905 anno
1443 841 1888 904 sextodecimo.

759 946 1094 1010 Diplomatar.
1143 946 1358 1008 Norveg.
1407 945 1485 995 vl.
1536 942 1788 997 155—56.
1875 942 2094 1003 Munch,
2158 943 2393 1005 Pavelige
2438 942 2686 994 Nuntlers
2734 942 3064 1006 Regnskabs-
3108 955 3173 1005 og
3219 941 3488 1005 Dagboger

757 1033 809 1081 S.
841 1028 959 1085 185.
1029 1030 1378 1095 Ligelydende
1413 1028 1544 1082 Brev
1580 1029 1744 1093 udgik
1777 1030 1839 1080 tll
1879 1030 2175 1093 Biskoppen
2213 1030 2269 1081 af
2300 1028 2563 1079 Roskllde.

449 1150 670 1215 ⁶156&
760 1151 1062 1215 Jonsuuzs
1111 1149 1413 1227 (xxndus)
1471 1167 1632 1230 papa
1692 1148 1986 1213 Carolum
2043 1150 2592 1227 archiepiscopum
2646 1147 3048 1209 Lundensem
3107 1146 3487 1225 exhortatur,

192 1261 244 1315 ut
287 1254 483 1316 sedule
543 1256 606 1315 in
662 1256 742 1315 iis
797 1253 1078 1316 laborare
1137 1254 1416 1331 studeat,
1480 1270 1616 1331 quae
1675 1254 1734 1313 ei
1789 1259 1851 1314 et
1907 1251 2178 1313 Iohanni
2234 1252 2537 1333 episcopo
2596 1249 3000 1312 Roskildensi
3053 1255 3118 1310 >et
3172 1248 3255 1311 M.
3305 1247 3487 1309 Petro

189 1357 430 1417 Geruasii
492 1358 802 1419 canonico
869 1357 1216 1419 vivariensi
1287 1356 1628 1418 commissa
1695 1356 1854 1433 sint,
1925 1356 2107 1435 cujus
2177 1354 2267 1417 rei
2334 1359 2623 1415 eventum
2694 1352 2879 1415 sedes
2946 1350 3295 1432 apostolica
3361 1367 3489 1412 non

189 1459 462 1521 audiverit.
513 1494 584 1503 -
638 1458 952 1536 Avmione,
997 1458 1100 1520 vl.
1149 1459 1232 1520 id.
1279 1459 1483 1534 Febr.,
1531 1457 1932 1535 pontificatus
1980 1458 2181 1519 nostri
2226 1473 2392 1518 anno
2439 1456 2591 1518 XVI.

759 1561 834 1625 Ny
870 1560 1137 1613 kirkehlst.
1168 1562 1464 1625 Samlinger
1496 1559 1578 1611 Ν.
1621 1558 1737 1613 212.
1795 1558 1874 1610 En
1913 1559 2241 1623 ligelydende
2274 1558 2536 1611 Skrivelse
2564 1556 2727 1621 ndgik
2753 1570 2957 1609 sammc
2975 1556 3079 1620 Dag
3110 1556 3171 1607 til
3200 1556 3489 1618 Blskoppen

763 1648 819 1697 af
851 1645 1112 1698 Roskllde.

454 1766 676 1831 ’1569.
768 1766 1038 1829 Omana
1095 1767 1401 1830 Psuanssu
1473 1784 1555 1844 og
1624 1766 1764 1829 lvAa
1817 1765 2169 1844 Bonussnn,
2239 1764 2554 1825 Kanniker
2622 1765 2639 1823 i
2699 1763 2971 1840 Slesvig,
3041 1762 3296 1823 erklaere
3354 1778 3490 1822 som

3555 1145 3606 1199 8.
3646 1146 3790 1196 Febr.

3563 1760 3644 1813 13.
3684 1760 3868 1810 Martii.

193 1870 484 1932 Dommere
532 1871 549 1930 i
598 1870 802 1946 Sagen
859 1870 1106 1931 mellem
1160 1868 1314 1931 Ribe
1361 1870 1595 1949 Biskop
1655 1886 1736 1947 og
1782 1868 2023 1950 Kapitel
2077 1885 2197 1948 paa
2246 1867 2367 1929 den
2425 1883 2540 1927 ene
2600 1884 2679 1943 og
2724 1864 2809 1927 M.
2859 1865 3168 1925 Hennikin
3217 1866 3493 1943 Hinceri,
3564 1863 3575 1873 '

193 1972 353 2033 Praest
392 1974 411 2033 i
444 1972 760 2051 Draghby,
806 1989 926 2051 paa
969 1972 1089 2033 den
1137 1972 1341 2034 auden
1383 1972 1546 2051 Side,
1595 1978 1659 2034 at
1704 1973 1780 2035 de
1815 1973 2217 2032 forstnaevnte
2258 1986 2377 2051 paa
2413 1976 2566 2029 rette
2602 1968 2819 2029 Maade
2855 1967 3011 2029 have
3045 1966 3497 2047 indappelleret

195 2076 361 2152 Sagen
405 2076 499 2138 for
543 2075 649 2137 det
692 2075 1077 2154 apostoliske
1126 2074 1334 2154 Saede,
1393 2077 1647 2137 hvorfor
1702 2075 1778 2137 de
1822 2075 2121 2153 Domme‚
2181 2072 2299 2135 den
2361 2072 2762 2134 sidstnaevnte
2819 2070 2933 2132 har
2977 2070 3329 2149 erhvervet,
3389 2085 3494 2131 ere

193 2178 462 2256 agyldige.
507 2212 591 2224 —
637 2178 734 2253 (D.
789 2177 945 2242 l3de
991 2177 1231 2253 Marts.)

766 2278 884 2331 Udi..
921 2281 940 2329 1
976 2279 1162 2342 11111611,
1201 2281 1332 2332 mbo
1366 2281 1465 2345 Bys
1499 2280 1630 2333 fllst.
1669 2280 1825 2331 indtll
1859 2278 2088 2331 Reform.
2126 2278 2181 2329 S.
2211 2276 2327 2332 174.

459 2399 680 2466 ’157Ο.
770 2403 1108 2481 Ioanne,
1169 2418 1384 2463 comes
1430 2400 1748 2463 Holtzacie
1793 2417 1868 2462 ac
1917 2399 2251 2461 Stormarie
2302 2404 2729 2475 terrarumque
2778 2394 3063 2457 Selandie
3110 2410 3184 2455 ac
3230 2392 3495 2455 Scandie

197 2506 553 2583 capitaneae,
611 2505 933 2586 privilegia
982 2503 1440 2584 campensibus
1501 2520 1540 2565 a
1595 2502 1847 2580 regibus
1898 2502 2110 2564 Daniae
2170 2500 2311 2563 data
2367 2499 2715 2561 confirmat.
2766 2532 2837 2543 -
2894 2497 3070 2559 Feria
3125 2502 3300 2560 sexta
3350 2502 3501 2577 post

197 2606 529 2669 dominicam
578 2608 760 2671 Oculi
806 2610 950 2669 mei.

770 2710 902 2775 Dipl.
942 2710 1181 2769 Svecan„
1217 2708 1297 2761 ed.
1337 2710 1390 2759 B.
1421 2711 1478 2760 E.
1511 2708 1831 2760 Hildebrand
1867 2708 1946 2759 iv.
1985 2706 2103 2761 260.
2177 2704 2486 2769 Brndstykk.
2524 2718 2589 2768 og
2626 2702 2741 2756 Udt.
2778 2706 2797 2754 1
2831 2702 2959 2754 11011.
2998 2702 3178 2754 Overs.
3215 2700 3499 2766 magister

773 2809 874 2847 van
913 2795 1162 2847 Charters
1199 2809 1265 2848 en
1305 2794 1624 2847 Beschelden
1667 2797 1722 2845 in
1757 2792 1851 2846 het
1885 2793 2022 2845 onds
2057 2791 2239 2844 Arbies
2270 2806 2318 2842 v.
2357 2791 2588 2856 Kampen
2625 2790 2663 2839 1.
2699 2790 2783 2843 21.
2898 2818 2903 2821 -

465 2915 682 2981 *1571.
773 2917 1110 2995 Jousuuss,
1179 2933 1394 2979 comes
1455 2916 1772 2979 Holtsacie
1841 2922 1904 2976 et
1959 2913 2330 2989 Stormarie,
2399 2910 2648 2973 Ymbrie
2718 2917 2779 2971 et
2833 2908 3127 2971 Lalandie
3195 2913 3498 2969 terrarum

200 3018 474 3099 dominus,
531 3020 609 3082 ab
647 3019 873 3099 ,iuratis
918 3026 1099 3081 terrae
1146 3018 1394 3081 Ymbrie
1441 3021 1618 3101 petit,
1667 3024 1734 3081 ut
1777 3016 2142 3081 Euerhardo
2190 3014 2265 3076 de
2312 3014 2491 3091 Alen,
2550 3013 2799 3075 consuli
2842 3012 3238 3089 Lubiscensi,
3297 3027 3334 3070 a
3376 3026 3499 3087 quo

201 3124 399 3184 curiam
462 3122 691 3184 dictam
747 3120 1124 3184 Korsmarke
1192 3122 1257 3183 in
1313 3122 1608 3183 Lalandia
1679 3121 1932 3199 emerit,
2001 3127 2063 3181 et
2131 3120 2233 3181 cui
2291 3116 2569 3179 redditus
2628 3132 2782 3178 suos
2836 3117 2899 3175 in
2956 3113 3097 3175 villa
3150 3112 3500 3190 Potgarden

202 3226 602 3305 assignaverit,
661 3225 896 3287 litteras
954 3224 1030 3286 de
1088 3224 1207 3287 hac
1264 3242 1332 3287 re
1389 3224 1559 3287 dent.
1617 3254 1701 3269 ·-
1755 3224 1832 3283 In
1886 3228 2060 3283 curia
2115 3227 2316 3283 nostra
2370 3219 2741 3296 Βιθυνιαν-116,
2800 3216 3113 3279 dominica
3170 3232 3291 3294 qua
3346 3232 3499 3277 can-

203 3332 334 3389 tatur
372 3328 606 3390 ludica.

775 3411 1115 3464 Urknndenb.
1153 3411 1202 3463 d.
1241 3410 1394 3465 Stadt
1427 3412 1640 3464 Lubeck
1673 3410 1734 3462 11.
1769 3409 1888 3465 486.

465 3531 668 3597 ’1572
711 3550 782 3595 se
826 3531 1047 3598 *1555.

469 3668 689 3734 *1573
780 3668 1186 3741 Masonsanus
1230 3670 1497 3750 Banna,
1559 3670 1924 3749 capitaneus
1971 3666 2395 3745 Revaliensis,
2454 3664 2757 3744 declarat,
2811 3680 2881 3725 se
2928 3680 3003 3725 ex
3046 3667 3221 3741 parte
3266 3660 3502 3725 domini

203 3774 298 3850 sui,
341 3773 659 3835 Cristoferi
705 3774 873 3849 regis
908 3773 1139 3852 Daciae,
1189 3774 1398 3833 omnia
1431 3772 1619 3851 bona,
1669 3789 1802 3849 quae
1841 3772 2093 3833 domina
2126 3771 2201 3830 de
2238 3770 2447 3846 Zaghe
2483 3774 2629 3850 post
2665 3785 2733 3829 se
2772 3768 2835 3827 in
2870 3767 3111 3827 civitate
3148 3765 3505 3827 Revaliensi

201 3874 502 3955 reliquerit,
553 3892 924 3963 occupasse.
977 3910 1054 3919 --
1103 3874 1385 3953 Revalioe,
1436 3873 1695 3936 sabbato
1743 3875 2072 3935 dominicae
2119 3873 2476 3935 Jubilatote.

781 3978 978 4041 Bange,
1015 3976 1176 4037 le.-,
1213 3976 1388 4028 Esth.-
1419 3991 1470 4028 u.
1503 3976 1917 4028 Curiandlsches
1945 3974 2285 4027 Urkundenh.
2324 3973 2383 4025 11.
2420 3973 2538 4028 269.
2609 3972 2783 4039 Tydsk
2810 3972 2994 4024 overe.
3030 3972 3050 4023 l
3078 3971 3261 4035 Bunge
3286 3982 3339 4021 n.
3368 3968 3501 4029 Toll,

787 4062 922 4115 Est.-
961 4077 1015 4114 u.
1052 4064 1421 4116 lelandlsche
1461 4062 1711 4115 Brieflade
1749 4063 1783 4112 Ι.
1823 4061 1937 4116 131.

470 4183 691 4249 ’1574.
780 4184 1188 4257 Miscuimus
1258 4184 1567 4263 Baevum,
1647 4184 2012 4263 capitaneus
2081 4181 2504 4258 Revaliensis,
2583 4178 2888 4258 declarat,
2958 4176 3353 4240 Helmoldum
3426 4177 3503 4239 de

201 4284 416 4363 Saghen
462 4304 674 4350 coram
722 4304 814 4366 se,
863 4287 1103 4366 judicio
1161 4288 1328 4363 regis
1375 4303 1519 4349 cum
1567 4285 2000 4349 assessoribus
2052 4286 2185 4348 suis
2232 4283 2627 4363 praesidente,
2687 4282 3015 4343 monachis
3063 4280 3503 4342 cisterciensis

202 4388 406 4452 ordinis
481 4392 547 4451 in
626 4390 934 4452 coenobio
1003 4389 1184 4450 Padis
1263 4388 1577 4451 dimidiam
1645 4388 1865 4451 lastam
1939 4388 2107 4451 durae
2188 4404 2450 4449 annonae
2532 4385 2799 4461 singulis
2879 4386 3060 4446 annis
3142 4382 3499 4445 solvendam

202 4493 549 4569 resignasse.
597 4528 678 4539 --
723 4492 1008 4570 Revale‘oe,
1057 4492 1314 4555 sabbato
1361 4498 1508 4573 post
1552 4493 1928 4554 dominicam
1975 4489 2405 4554 Misericordia
2449 4488 2723 4549 Domini.

785 4596 983 4659 sange,
1022 4593 1181 4657 le.-,
1217 4594 1394 4647 Esth.-
1430 4608 1483 4646 u.
1523 4594 1934 4668 Qnrlandlsches
1970 4592 2312 4646 Urlmndenb.
2349 4590 2430 4642 111.
2469 4590 2725 4645 412—13.

476 4714 694 4781 ’1575
784 4715 1086 4780 Iomanes
1123 4716 1424 4791 (XXlldus)
1447 4732 1609 4796 papa
1633 4715 2072 4794 Giselbertum,
2109 4713 2375 4777 electum
2402 4709 3012 4789 Halherstadensem,
3046 4714 3109 4771 et
3136 4707 3502 4787 Gerardum,

211 4820 464 4881 comitem
507 4820 850 4899 Holtzatiae,
896 4836 1259 4897 germanum
1309 4822 1479 4900 eJus,
1539 4820 1645 4897 qui
1689 4835 1911 4880 manus
1958 4817 2037 4879 ad
2083 4816 2559 4896 occupationem
2606 4815 2921 4875 fructuum
2969 4828 3203 4874 mensa}
3251 4811 3502 4889 episco-

215 4920 348 4994 palis
389 4923 803 4986 Sleswicensis
861 4923 938 4985 ad
993 4921 1481 4985 Hellembertum
1539 4922 1909 5002 episcopum
1964 4922 2409 4999 pertinentium
2468 4916 2859 4981 extenderint
2913 4921 2975 4977 et
3028 4916 3363 4992 vetuerint,
3421 4931 3501 4976 ne

217 5023 336 5095 quis
357 5027 704 5106 episcopum
741 5027 974 5088 dictum
1011 5027 1436 5107 hospitaretur
1467 5026 1534 5085 in
1559 5026 1801 5085 civitate
1829 5024 2247 5101 sleswicensi,
2283 5026 2517 5099 monet,
2558 5028 2625 5083 ut
2660 5020 2848 5081 rebus
2876 5020 3134 5097 justitiae
3172 5017 3502 5080 contrariis

219 5120 483 5189 desistant
527 5138 588 5191 et
630 5131 1010 5209 permittant,
1059 5134 1125 5191 ut
1160 5129 1376 5191 litterae
1411 5128 1789 5207 provisionis
1824 5127 2227 5189 Hellemberti
2271 5124 2691 5203 publicentur,
2742 5140 2893 5185 neve
2931 5122 3291 5201 impediant,
3341 5136 3500 5198 quo-

2993 5256 3094 5311 29.

3564 2394 3651 2447 27.
3688 2394 3871 2445 Martii.

3567 2908 3617 2962 5.
3653 2907 3865 2973 Aprilis.

3570 3525 3621 3578 2.
3658 3526 3791 3587 111111.

3572 3663 3621 3716 9.
3658 3664 3789 3723 Mali.

3573 4177 3622 4229 9.
3660 4178 3791 4239 Mali.

3574 4708 3657 4763 16.
3693 4708 3852 4758 1111111.
