4275 5759
380 605 464 660 25.
498 606 715 660 Ianuar.

478 1036 525 1088 1.
562 1035 711 1089 Febr.

380 1154 439 1206 G.
476 1155 524 1208 1.
565 1155 709 1207 Febr.

477 1461 524 1516 4.
565 1463 711 1514 Febr.

402 1989 415 2016 ι’
439 1976 521 2032 21.
560 1977 710 2030 Febr.

442 2490 524 2544 27.
564 2490 711 2543 Febr.

441 2593 527 2648 29.
564 2594 710 2647 Febr.

438 2869 488 2922 5.
527 2868 710 2922 lanii.

437 3469 487 3522 5.
524 3469 708 3522 uun-tu.

438 3881 488 3932 5.
527 3880 712 3934 Martii.

436 4396 485 4448 5.
523 4396 707 4448 Martii.

438 4703 489 4756 5.
526 4705 717 4760 Marul-

788 337 934 410 342
1894 335 2111 412 Kone
2169 335 2562 408 VALnsuAR
2617 338 3012 410 Art-namo.

1087 607 1309 675 *2496.
1398 609 1671 690 Manuos,
1720 627 1822 672 rex
1862 611 2104 692 Suecie,
2153 612 2467 690 Noruegie
2514 617 2574 674 et
2611 611 2854 692 scanie,
2903 613 3113 674 omnia
3156 613 3321 674 bona
3353 611 3564 690 Magni
3599 613 3910 692 Gyslason
3957 613 4122 674 infra

782 713 1176 793 provinciam
1205 711 1489 790 Watzbo,
1538 713 1829 792 Kyndahr
1864 720 1928 776 et
1960 715 2257 795 Wallahr,
2295 718 2350 776 ei
2384 722 2640 795 propter
2673 715 3086 779 offensionem
3130 716 3313 792 regim
3353 717 3694 796 majestatis
3739 714 4120 794 abjudicata,

782 814 1143 882 Thotchillo
1188 807 1618 892 Eringislason
1666 817 1876 879 donat.
1926 851 2006 861 -
2052 816 2234 896 Apud
2275 817 2576 880 ecclesiam
2623 819 3058 896 Wilcinqaalcer,
3107 817 3208 880 die
3254 818 3682 879 conversionis
3729 836 3781 880 s.
3830 817 4030 880 Pauli.

1398 916 1597 980 noller,
1636 918 2128 983 Foru-nunaungar
2163 920 2390 972 rorando
2423 920 2646 972 ualland
2681 922 2732 972 S.
2759 919 2844 976 88.

1115 1037 1304 1104 2527.
1394 1037 1778 1092 &numme
1814 1039 1850 1090 1.
1886 1039 2144 1094 269—70.

1088 1157 1306 1223 *2497.
1400 1159 1801 1240 computatio
1848 1160 1922 1224 de
1960 1161 2252 1239 expensis
2297 1177 2334 1222 a
2379 1177 2741 1224 clvmrmus
2784 1162 2845 1222 in
2881 1159 3049 1223 bello
3085 1166 3302 1223 contra
3335 1161 3550 1223 Dauos
3581 1161 3786 1224 factis.
3834 1197 3920 1208 —
3967 1163 4116 1224 Sine

784 1276 951 1322 anno
998 1268 1061 1323 et
1104 1261 1225 1324 die.

1397 1347 1778 1400 nannet-ecesse
1814 1347 1896 1400 ΙΙΙ.
1933 1347 2188 1402 266-68.

1087 1465 1306 1532 *2498
1396 1468 1697 1531 lausans
1754 1467 2177 1544 Haumrxssou,
2247 1471 2589 1532 canonicus
2641 1469 3026 1546 Lundensis‚
3084 1471 3516 1548 recognoscit,
3581 1487 3648 1532 se
3703 1486 3741 1532 a
3795 1471 3872 1530 D.
3924 1470 4116 1533 lwaro

784 1569 1123 1649 Niclissou,
1172 1570 1396 1649 milite,
1457 1570 1583 1636 150
1626 1587 1869 1634 marcas
1920 1571 2061 1634 den.
2112 1573 2436 1650 scanien.,
2496 1589 2608 1652 pro
2669 1572 2894 1650 quibus
2953 1575 3126 1634 curia
3171 1572 3540 1650 Malmoghae
3599 1573 3718 1634 sita
3759 1572 4114 1650 Latbegard

782 1671 946 1734 dicta
981 1671 1097 1732 sibi
1136 1674 1546 1753 impignorata
1581 1681 1770 1752 esset,
1821 1674 2202 1752 sublevasse,
2240 1675 2475 1737 litteras
2511 1674 2909 1752 obligationis
2946 1682 3007 1737 et
3042 1676 3580 1754 impignorationis
3615 1675 3996 1738 annihilans.
4035 1709 4116 1721 —

781 1774 849 1836 ln
896 1775 1210 1837 dominica
1246 1774 1703 1856 -Carnispreuii.
2481 1785 2487 1790 '

1395 1879 1607 1939 Barna,
1648 1879 1787 1931 Fam.
1826 1880 2224 1932 Rosenkmntz's
2263 1881 2391 1931 nist.
2429 1880 2467 1939 1,
2507 1880 2729 1944 Dlplom.
2768 1881 2821 1930 S.
2853 1879 3072 1934 13—14.
3503 1911 3512 1920 ·

1085 1979 1305 2045 9499.
1352 2067 1355 2072 -
1396 1981 1633 2058 Hertug
1680 1985 1997 2045 Antiatem·
2042 1983 2107 2044 af
2143 1982 2421 2044 Sachsen
2472 1982 2692 2045 slutter
2725 1982 3011 2046 Forbund
3063 1982 3203 2045 med
3239 1983 3472 2059 Hertug
3509 1984 3650 2044 Erik
3697 1983 3764 2044 al*
3794 1983 4116 2063 Sachsen3

780 2081 903 2159 dog
962 2083 1264 2161 undtager
1320 2084 1525 2146 denne
1586 2085 1847 2163 Kongen
1902 2087 1968 2146 at*
2020 2085 2331 2146 Danmark
2390 2088 2484 2146 fra
2537 2085 2711 2163 dem,
2781 2086 2926 2148 mod
2984 2086 3165 2147 hvem
3223 2087 3346 2148 han
3405 2086 3536 2146 skal
3594 2087 3818 2167 hjoelpe
3877 2087 4120 2163 Hertug

784 2184 1105 2265 Albrecht3
1162 2187 1182 2246 i
1230 2186 1537 2248 Danmark
1598 2205 1737 2250 maa
1778 2188 2011 2252 enhver
2056 2190 2120 2249 at·
2165 2189 2452 2250 l‘arterne
2499 2188 2756 2268 hjaelpe,
2816 2190 2992 2250 hvem
3053 2189 3174 2250 han
3219 2189 3321 2250 vil.
3381 2221 3464 2236 —-
3519 2188 3943 2268 Erteneborelt,
4005 2189 4120 2250 des

780 2287 1015 2350 andren
1062 2288 1437 2352 midwekens
1482 2292 1544 2351 in
1591 2292 1703 2354 der
1744 2292 2001 2353 Vasten.
3729 2291 4120 2371 (Plattydsk.)

1396 2391 1707 2454 Sudendort,
1738 2393 2170 2446 urkundenbuch
2198 2409 2242 2446 z.
2271 2392 2585 2446 Geschichte
2614 2393 2664 2444 d.
2697 2393 2924 2458 Herzoge
2951 2408 2998 2444 v.
3033 2394 3436 2458 Brauuschweig
3465 2407 3518 2444 n.
3547 2393 3832 2458 Luneburg
3861 2393 3968 2444 vu.
3995 2393 4119 2448 ⁴222.

1116 2493 1305 2558 2528,
1397 2493 1779 2549 Bansereeesse
1815 2496 1850 2547 1.
1886 2495 2142 2550 273—74.

1112 2596 1301 2663 2529,
1395 2597 1705 2654 flichelsen.
1762 2599 2354 2663 Urkundensammlnng
2409 2599 2468 2650 ΙΙ.
2522 2599 2775 2652 265-67.
2865 2599 3072 2650 Brudst.
3129 2602 3146 2650 i
3199 2597 3524 2651 Jahrhucher
3578 2599 3612 2650 r.
3661 2599 3711 2650 d.
3755 2598 4021 2650 Laudesk.
4068 2598 4120 2650 d.

1394 2683 1665 2747 Herzogth.
1706 2685 1973 2745 Schlesw„
2020 2686 2183 2736 Holst.
2227 2700 2260 2736 u
2318 2684 2546 2735 Lauenb.
2592 2686 2669 2735 lx.
2709 2683 2963 2738 379—80.
3045 2683 3158 2735 Udt.
3196 2698 3294 2749 paa
3330 2684 3505 2736 Dansk
3551 2687 3568 2736 i
3607 2683 3880 2742 flutioldt„
3929 2684 4120 2736 Duum.

1395 2769 1549 2834 nges
1585 2770 1741 2822 Kron.
1781 2773 1833 2822 S.
1860 2771 1958 2826 531
1999 2771 2305 2838 (Kvartudg.
2344 2769 2424 2820 ΙΙΙ.
2461 2769 2724 2836 570-72)
2761 2769 2882 2821 med
2921 2771 3134 2821 natum:
3184 2770 3460 2834 Sondagen
3500 2771 3581 2822 ror
3615 2770 3831 2823 Laetare.

1086 2871 1303 2937 *2500.
1398 2873 1669 2936 Usamus
1716 2875 1897 2948 (Vtut)
1944 2892 2122 2956 papa,
2175 2881 2496 2953 permotus
2544 2873 3104 2954 supplicationibus
3139 2874 3515 2936 Waldemari
3560 2874 4119 2953 regis-Danomm‚

780 2976 1257 3055 archiepiscopo
1306 2976 1623 3038 Lundensi
1680 2983 1741 3038 et
1796 2979 2113 3060 episcopis
2175 2977 2574 3038 Roskildensi
2633 2983 2693 3038 et
2749 2977 3122 3038 othoniensi
3182 2977 3542 3056 committit,
3615 2982 3680 3038 ut
3735 2976 3811 3037 de
3869 2980 4119 3039 meritis

782 3078 1169 3157 quorundam
1219 3083 1575 3142 sanctorum
1629 3080 1940 3141 Danorum
1990 3097 2062 3141 ac
2110 3081 2425 3141 miraculis
2473 3095 2688 3141 eorum
2735 3079 3094 3154 diligentius
3142 3081 3457 3140 veritatem
3509 3080 3854 3157 inquirant,
3915 3097 4116 3159 quum

782 3198 1039 3257 regnum
1103 3181 1305 3242 Daciae
1384 3199 1421 3242 a
1487 3183 1658 3244 curia
1719 3182 2001 3244 Romana
2076 3183 2248 3244 valde
2316 3188 2620 3244 remotum
2693 3183 2792 3242 sit.
2865 3215 2943 3226 -—
3009 3183 3327 3260 Avinione,
3398 3183 3592 3246 tercio
3657 3199 3808 3244 non.
3867 3181 4116 3262 Marcii,

780 3300 945 3344 anno
994 3283 1296 3345 secundo,

1392 3369 1509 3421 Udt.
1547 3372 1564 3421 i
1600 3371 1675 3435 Ny
1710 3369 1975 3422 kirkehist.
2016 3369 2311 3434 Samlinger
2347 3367 2404 3421 V.
2437 3369 2557 3425 853.

1087 3471 1303 3536 *2501.
1395 3471 1617 3536 Unum
1676 3474 1811 3549 (vti)
1872 3491 2042 3553 papae
2101 3472 2490 3536 confirmatio
2547 3477 2826 3537 omnium
2883 3475 3380 3554 privilegiorum,
3451 3473 3980 3549 indulgentiarum
4055 3483 4118 3537 et

780 3578 1115 3652 gratiarum
1171 3572 1567 3637 waldemaro
1636 3579 1765 3654 regi
1832 3576 2142 3639 Danorum
2215 3593 2326 3637 seu
2399 3575 2969 3656 proedecessoribus
3037 3579 3173 3656 ejus
3239 3591 3276 3637 a
3343 3575 3745 3655 pontificibus
3801 3576 4116 3640 Romanis

781 3695 1254 3740 concessorum.
1306 3715 1372 3722 —
1433 3680 1742 3758 Avinione,
1789 3681 1983 3740 tercio
2030 3696 2179 3740 non.
2229 3679 2465 3758 Marcii,
2512 3697 2677 3742 anno
2726 3679 3027 3742 secundo.

1396 3780 1507 3833 Udt.
1548 3783 1562 3830 l
1602 3781 1675 3846 Ny
1709 3781 1979 3832 klrkehlst.
2018 3781 2312 3847 Samllnger
2347 3782 2404 3832 V.
2440 3781 2558 3836 854.

1085 3883 1303 3949 *2502
1397 3885 1667 3948 [luanus
1715 3886 1896 3961 (Vtus)
1945 3903 2103 3964 papa
2148 3902 2288 3947 cum
2337 3885 2596 3948 Nicolao
2641 3884 2882 3963 Jacohi,
2929 3886 3266 3964 praeposito
3311 3885 3595 3946 ecclesiae
3643 3884 4004 3946 bundensis
4053 3892 4118 3948 et

780 3969 1137 4051 consiliario
1195 3989 1362 4064 regis
1420 3987 1658 4067 Dacioe,
1717 3987 1791 4050 ab
1850 3987 1972 4049 hoc
2030 4005 2177 4064 rege
2235 3988 2703 4067 commendato,
2763 3989 3116 4067 dispensat,
3173 3993 3242 4049 ut
3296 3986 3656 4063 dignitatem
3712 3988 3778 4047 in
3833 3988 4116 4050 ecclesia

780 4090 1212 4166 Roskildensi,
1274 4092 1328 4152 si
1372 4096 1577 4168 vacet,
1636 4090 1894 4169 recipiat
1940 4095 2001 4151 et
2046 4107 2170 4153 una
2215 4109 2357 4152 cum
2416 4093 2828 4171 praepositura
2871 4090 3155 4152 ecclesioe
3202 4090 3556 4152 bundensis
3613 4095 3675 4150 et
3729 4090 4110 4154 canonicatu

781 4193 1063 4258 ecclesiae
1112 4192 1548 4256 Roskildensis
1594 4195 1875 4255 retineat.
1923 4228 2002 4238 —
2053 4193 2360 4273 Acinione,
2409 4196 2603 4256 tercio
2649 4211 2798 4256 non.
2847 4193 3084 4272 Marcii,
3131 4210 3296 4256 anno
3344 4191 3646 4255 secundo.

1391 4295 1504 4348 11th
1544 4296 1560 4345 t
1598 4295 1669 4360 Ny
1705 4295 1972 4348 kirkehtst.
2012 4294 2306 4359 Samltnger
2342 4295 2399 4346 V.
2433 4294 2552 4350 854.

1085 4398 1303 4464 *25o3.
1393 4398 1667 4462 Usamus
1736 4399 1919 4474 (Vtus)
1987 4417 2150 4478 papa
2217 4397 2609 4460 Waldemaro
2693 4401 2824 4476 regi
2897 4399 3211 4478 Danorum
3290 4404 3352 4460 et
3427 4399 3748 4475 sexaginta
3812 4403 4111 4478 personis

781 4503 1065 4564 honestis
1112 4503 1546 4564 remissionem
1596 4509 1993 4580 peccatorum
2045 4501 2354 4563 concedit.
2405 4537 2485 4546 —
2532 4502 2843 4579 Acinione,
2892 4503 3087 4564 tercio
3123 4518 3272 4564 non.
3310 4501 3549 4581 Marcii,
3595 4517 3760 4562 anno
3798 4505 4108 4565 secundo.

1392 4603 1507 4655 Udt.
1545 4605 1563 4654 Ι
1600 4604 1673 4665 Ny
1706 4602 1976 4655 kirkohlst.
2014 4603 2310 4669 Samlingor
2348 4605 2398 4654 V.
2437 4603 2554 4658 854.
3205 4667 3212 4674 ¹

1088 4707 1305 4772 *2504
1395 4707 1616 4770 Unum
1669 4707 1802 4782 (th)
1859 4724 2031 4786 papoe
2091 4707 2289 4786 bulla,
2349 4715 2415 4769 ut
2471 4708 2763 4770 omnibus
2815 4705 3102 4770 fidelibus
3161 4714 3221 4768 et
3278 4708 3680 4786 servitoribus
3725 4707 4110 4770 waldemari

781 4813 946 4887 regis
997 4810 1345 4890 Danorum,
1405 4812 1506 4887 qui
1555 4808 1912 4888 sepulcrum
1960 4810 2340 4872 dominicum
2399 4827 2471 4871 ac
2518 4811 2678 4872 Petri
2727 4816 2790 4872 et
2832 4810 3003 4872 Pauli
3049 4817 3111 4872 et
3155 4811 3371 4874 Jacohi
3416 4812 3846 4890 apostolorum
3895 4814 4110 4874 limina

780 4913 1065 4990 visitandi
1112 4920 1253 4974 vota
1298 4913 1639 4989 emiserint,
1688 4912 2091 4974 confessores
2138 4913 2272 4974 haec
2320 4921 2455 4974 vola
2507 4915 2568 4972 in
2614 4915 2734 4974 alia
2778 4929 2968 4992 opera
3001 4915 3248 4994 pietatis
3295 4920 3678 4976 commutare
3723 4914 3992 4978 valeant.
4029 4951 4108 4961 —

782 5015 1088 5093 Avinione,
1135 5015 1330 5077 tercio
1378 5031 1527 5075 non.
1575 5013 1811 5090 Marcii,
1859 5030 2023 5076 anno
2072 5014 2373 5077 secundo.

1392 5115 1506 5168 Udt.
1542 5118 1560 5167 Ι
1597 5117 1671 5181 Ny
1704 5115 1972 5168 kirkehtst.
2012 5117 2307 5181 Samllnger
2343 5118 2398 5168 V.
2435 5116 2689 5175 854—55.
