4275 5759
1280 344 1499 420 Kone
1550 343 1948 419 VALDEMAR
2005 346 2404 419 Arretinae.
3367 346 3516 421 335

2322 484 2941 492 —————-—-—.—
3003 485 3013 489 -
3066 485 3083 490 -
3146 486 3159 490 -
3268 484 3277 489 .
3300 482 3514 491 -——.—.

196 620 459 680 civitates
529 625 593 681 et
658 619 948 681 dioceses
1017 620 1297 699 mandat,
1368 627 1437 683 ut
1502 621 2208 684 excommunicationem
2279 619 2586 682 Florencii
2653 620 2729 683 de
2794 620 3028 697 Campe
3087 620 3518 681 sleswicensis

196 721 451 782 diocesis
510 720 758 800 publice
805 720 1191 784 denuntient.
1242 758 1323 769 —
1366 724 1443 783 In
1486 728 1658 783 curia
1701 730 1931 801 nostra,
1993 722 2146 783 feria
2203 722 2480 784 secunda
2529 739 2704 800 prox.
2752 727 2898 799 post
2955 722 3182 783 festum
3242 722 3518 782 omnium

198 824 574 885 Sanctorum.

798 907 1139 961 urkundenb.
1177 908 1226 960 d.
1264 910 1417 961 Stadt
1450 910 1663 961 Lubeck
1698 909 1778 960 ΙΙΙ.
1817 908 2071 963 445—46.

514 1044 707 1109 2495,
796 1045 1180 1098 Hauserecesse
1216 1046 1251 1097 l.
1288 1044 1566 1101 206-208.
1598 1044 1752 1113 (hvor
1786 1046 1876 1097 det:
1900 1046 2159 1109 betegnes
2197 1058 2312 1096 som
2349 1050 2402 1096 st
2435 1044 2668 1110 Udkast).

488 1180 708 1245 *2445
806 1181 1290 1244 instrumentum
1360 1184 1691 1261 notariale,
1772 1182 1941 1260 quod
2008 1198 2305 1245 consuas
2373 1182 2738 1245 Lucienusns
2806 1182 3075 1243 Johanni
3145 1181 3220 1242 de
3289 1182 3520 1243 hinzen

202 1285 425 1362 plenam
487 1290 858 1363 potestatem
922 1284 1233 1361 querelam
1295 1285 1602 1362 quandam
1661 1300 1870 1346 coram
1932 1284 2220 1361 Eghardo
2277 1283 2496 1346 abbate
2564 1286 2926 1346 monasterii
2988 1284 3064 1347 de
3127 1283 3520 1362 Reyneuelde

200 1386 576 1466 proponendi
613 1386 937 1449 dederunt.
1021 1385 1185 1447 luter
1217 1393 1564 1465 praesentes
1598 1387 1983 1449 nominatur:
2032 1386 2342 1448 Dominus
2377 1386 2662 1449 Hinnnrus
2697 1386 2774 1449 de
2811 1388 3140 1466 Vemeren,
3178 1387 3520 1447 canonicus

204 1489 468 1549 ecclesiae
508 1488 895 1550 Lubicensis.
938 1523 1013 1533 —
1051 1489 1125 1547 In
1159 1494 1499 1549 consistorio
1532 1494 1791 1556 civitatis
1826 1488 2184 1567 &thicon-sis,
2232 1488 2570 1550 indictione
2612 1492 2830 1568 prima,
2878 1490 3115 1551 mensis
3151 1488 3522 1551 Novembris

204 1590 291 1651 (he
330 1590 455 1652 xn-
799 1675 1139 1730 urkundenb.
1178 1676 1226 1726 d.
1265 1677 1416 1728 Stadt
1449 1675 1663 1728 Lubeck
1696 1675 1777 1726 lu.
1816 1674 2069 1730 446—47.

492 1812 709 1879 ¹244&
802 1813 1043 1875 Litterae
1090 1813 1379 1876 Jonsnms
1424 1814 1776 1892 Nsrnssmv,
1845 1814 2125 1874 advocati
2185 1813 2350 1890 regis
2411 1812 2728 1875 Danorum
2796 1813 2858 1873 in
2921 1813 3398 1895 Kalundborgh,
3456 1817 3519 1877 in

208 1915 413 1991 quibus
450 1916 685 1993 scribit,
724 1915 1183 1977 Hinschiunum
1218 1916 1424 1977 Rothe
1459 1918 1523 1977 in
1556 1915 1744 1993 bello,
1792 1914 1939 1977 dum
1980 1918 2377 1977 civitatenses
2414 1932 2528 1995 pro
2566 1916 3044 1994 Hoelsingborgh
3083 1923 3320 1995 essent,
3369 1934 3519 1997 cap-

208 2018 437 2077 tivatum
499 2019 749 2094 triginta
806 2018 1079 2095 quinque
1145 2034 1387 2079 marcas
1445 2018 1813 2097 lybycenses
1872 2017 1989 2078 sibi
2045 2017 2407 2095 assignasse
2465 2025 2526 2079 et
2579 2018 2816 2080 idcirco
2873 2019 3136 2081 liberum
3193 2020 3519 2082 dimissum

211 2136 355 2179 esse.
400 2153 481 2165 —
530 2119 975 2199 Kalundborqh,
1023 2119 1337 2182 dominica
1381 2128 1527 2198 post
1569 2120 1733 2181 diem
1780 2121 1840 2181 b.
1888 2120 2137 2183 Martini
2185 2122 2380 2202 episc.
2429 2127 2492 2182 et
2536 2122 2947 2183 confessoris.

800 2220 1137 2274 Urkundsnb.
1178 2221 1227 2272 d.
1265 2222 1415 2273 stadt
1449 2222 1661 2273 Lfibeck
1698 2222 1777 2272 lv.
1814 2222 1898 2276 86.

494 2358 709 2423 ’2447.
802 2358 1047 2420 Litteroe
1102 2358 1355 2421 Munus
1414 2361 1560 2437 Son,
1623 2360 1684 2419 in
1743 2360 1969 2436 quibus
2028 2360 2277 2439 scribit,
2337 2378 2406 2421 se
2464 2360 2699 2421 Konike
2758 2360 3026 2439 Kempe,
3090 2379 3307 2440 quem,
3371 2362 3516 2425 dum

214 2463 584 2524 civitatenses
640 2478 755 2541 pro
815 2468 1023 2522 castro
1080 2460 1537 2539 Belsingborch
1600 2467 1846 2539 essent,
1917 2464 2282 2541 captivaret,
2353 2462 2614 2525 liberum
2683 2463 3017 2524 dimisisse.
3122 2464 3248 2526 Sub
3315 2466 3523 2543 sigillo

215 2562 491 2625 lohannis
547 2564 899 2642 Nafneson,
969 2562 1250 2625 advocati
1306 2564 1620 2625 Danorum
1680 2565 1846 2639 regis
1904 2566 1963 2625 in
2024 2564 2490 2642 Kalundborgh.
2553 2600 2632 2609 —
2691 2566 3148 2645 Kalundborqh,
3213 2568 3524 2629 dominica

218 2672 343 2741 post
383 2667 541 2729 diem
586 2667 645 2727 b.
695 2667 943 2729 Martini
989 2668 1185 2747 episc.
1235 2672 1297 2727 et
1342 2668 1752 2729 confessoris.

798 2768 1137 2820 Urkundonb.
1175 2767 1224 2819 d.
1264 2768 1413 2820 Stadt
1447 2768 1660 2822 Lfiheck
1694 2767 1773 2818 IV.
1810 2768 1893 2821 86.

522 2888 709 2954 2496,
802 2888 918 2940 For
954 2888 1219 2947 Hvltieldt,
1257 2903 1307 2953 p.
1336 2888 1439 2941 522
1475 2889 1587 2939 laes
1622 2902 1674 2952 p.
1702 2886 1821 2941 528.
1892 2887 2230 2939 Urkundenb.
2270 2888 2318 2939 d.
2358 2888 2508 2940 Stadt
2537 2889 2749 2941 Lfibeck
2783 2890 2863 2941 Ill.
2895 2889 3149 2945 447—49.
3223 2892 3520 2943 Staedernes

800 2974 956 3026 Brsv:
1004 2974 1385 3025 Hauserecesse
1425 2974 1461 3024 l.
1497 2972 1752 3026 209-10.
1837 2972 2014 3024 Dansk
2049 2974 2320 3025 oversaett.
2359 2977 2374 3025 l
2414 2974 2660 3034 Strelovv,
2707 2975 2816 3027 Deu
2855 2976 3259 3029 Guthllandiske
3296 2978 3520 3029 cronica

802 3060 853 3109 S.
885 3058 1139 3113 176—79.

494 3180 708 3245 2448.
798 3181 1153 3258 Ecmnous,
1232 3179 1425 3240 abbas
1504 3181 1865 3240 monasterii
1935 3179 2010 3240 de
2081 3178 2514 3259 Reyneuelde,
2597 3180 3034 3260 wilhelmum,
3116 3184 3518 3262 prepositum

226 3285 547 3344 monasterii
605 3283 806 3345 sancti
853 3283 1103 3359 Georgii
1151 3280 1507 3359 Stadensis,
1566 3281 1641 3342 de
1701 3282 2063 3343 evocatione
2119 3281 2366 3343 Detleui
2413 3282 2610 3361 Broye
2667 3283 2742 3343 ad
2801 3284 3156 3345 instantiam
3217 3285 3523 3347 Florencii

226 3382 289 3443 de
340 3385 555 3465 Campe
616 3385 1046 3447 sleswicensis
1115 3383 1387 3445 diocesis
1454 3384 1531 3443 ad
1600 3384 2096 3446 ecclesiasticum
2157 3383 2463 3463 judicium
2534 3387 2593 3445 in
2658 3386 2888 3465 oppido
2949 3386 3152 3448 Stadis
3217 3388 3520 3449 desistere

220 3485 384 3561 iubet.
431 3524 505 3533 —
554 3487 800 3567 Lubeloe,
846 3493 913 3547 in
955 3492 1126 3548 curia
1170 3493 1391 3565 nostra,
1438 3488 1500 3547 in
1549 3487 1823 3547 crastino
1870 3486 1931 3547 b.
1980 3486 2334 3548 Katherine.

801 3588 1140 3641 urkundenb.
1179 3588 1227 3639 d.
1267 3589 1416 3640 Stadt
1452 3587 1666 3640 Lfiheck
1699 3588 1780 3640 ΙΙΙ.
1816 3586 2072 3641 451—52.

493 3680 711 3777 *aua
802 3710 937 3773 lvsu
972 3709 1257 3788 Nisnsss,
1306 3710 1557 3787 Ridder‚
1606 3710 1867 3785 frasiger
1914 3712 2009 3785 sig
2056 3710 2297 3771 ethvert
2331 3708 2487 3770 Krav
2533 3727 2650 3789 paa
2695 3710 3080 3789 Bjernholm,
3129 3712 3206 3773 da
3244 3713 3348 3774 Hr.
3389 3714 3520 3789 Stig

230 3814 533 3892 Andersen,
592 3814 729 3874 med
778 3813 913 3873 hvis
962 3812 1372 3874 Sennedatter
1418 3812 1656 3873 Jomi'ru
1702 3812 1941 3890 Thone,
1989 3812 2095 3873 Ην.
2143 3812 2280 3873 offe
2328 3812 2612 3887 Stigsens
2663 3813 2892 3891 bauer,
2955 3816 3073 3875 han
3123 3834 3191 3876 er
3235 3817 3518 3893 trolovet‚

228 3914 317 3975 har
355 3920 509 3992 givet
553 3918 695 3978 barn
744 3916 829 3976 alt
874 3918 954 3976 sit
1000 3914 1170 3977 Gods
1216 3918 1237 3975 i
1283 3914 1603 3993 Sjaelland,
1666 3931 1807 3977 men
1866 3914 2267 3976 sorbeholder
2323 3918 2418 3991 sig
2465 3917 2619 3976 efter
2668 3916 2768 3977 ΗΡ.
2821 3916 2986 3993 Stigs
3035 3918 3172 3977 Ded
3219 3919 3519 3995 Fordring

229 4035 321 4095 paa
359 4037 430 4082 en
474 4020 601 4081 fuld
647 4019 908 4081 Arvelod
954 4036 1073 4097 paa
1115 4018 1354 4080 Jomfru
1400 4017 1655 4079 Thoues
1701 4018 1937 4095 chne.
1987 4051 2069 4063 —
2118 4018 2207 4078 St.
2253 4017 2510 4079 Andreae
2558 4018 2696 4095 dag.

804 4120 1016 4177 Barner,
1054 4119 1193 4171 Fam.
1232 4119 1635 4170 Rosenkrantz's
1674 4120 1801 4172 Hist.
1839 4120 1877 4177 1.
1916 4118 2136 4185 Dlplom.
2177 4120 2229 4169 S.
2258 4119 2478 4173 11-12,

496 4242 712 4312 ²245&
805 4241 1099 4320 Vuxsntffi,
1146 4240 1333 4300 frater
1378 4240 1617 4301 ordinis
1664 4242 1862 4301 sancti
1899 4240 2204 4301 Johannis
2251 4242 2312 4300 in
2351 4240 2842 4319 Andwerscovve‚
2891 4244 3215 4321 promittit,
3264 4261 3330 4304 se
3379 4262 3520 4307 cum

230 4341 425 4405 ramulo
475 4362 589 4407 suo
634 4344 817 4406 Petro
863 4344 1299 4406 Truwelssone
1360 4344 1522 4404 festo
1581 4345 1925 4423 epyphanie
1972 4343 2220 4406 Domini
2281 4342 2440 4403 ultra
2496 4344 2568 4403 ad
2623 4360 2852 4405 annum
2905 4347 3214 4422 integrum
3261 4348 3322 4406 in
3370 4364 3521 4425 cap·

232 4444 485 4508 tivitatem
541 4448 954 4509 Lubicensem
1014 4447 1447 4507 reintraturum
1508 4462 1685 4523 esse,
1746 4449 1867 4509 nisi
1924 4444 2000 4506 ab
2060 4462 2205 4521 rege
2266 4446 2452 4507 Dacie
2512 4448 2690 4523 quitti
2745 4437 3020 4527 placitati
3078 4449 3221 4509 sint.
3287 4486 3346 4496 --
3410 4448 3523 4511 Die

234 4544 282 4604 b.
321 4548 567 4611 Barbare
614 4554 763 4626 virg.
811 4550 1108 4625 gloriose.

806 4650 1142 4705 urkundenb.
1180 4652 1229 4701 d.
1270 4650 1419 4702 Stadt
1453 4651 1665 4702 Lflheck
1701 4649 1781 4700 ΙΙΙ.
1820 4650 2073 4704 453—54.

3645 513 3831 579 1362.

3591 1058 3673 1111 10.
3712 1060 3900 1110 Novbr.

3591 1195 3674 1247 12.
3711 1196 3753 1245 N
3757 1196 3902 1246 ovbr.

3591 1826 3672 1881 13.
3710 1828 3896 1878 Novbr.

3593 2370 3672 2425 13.
3710 2373 3901 2423 Novbr.

3592 2899 3672 2953 16.
3711 2902 3901 2951 Novbr.

3588 3190 3672 3243 26.
3713 3190 3901 3241 Novbr.

3591 3718 3674 3773 30.
3711 3720 3903 3770 Novbr.

3591 4250 3642 4301 4.
3683 4248 3864 4299 Deobr.

525 4772 710 4837 2497,
802 4772 981 4823 Latin:
1028 4772 1449 4832 Rosaefontanus,
1486 4772 1786 4822 chronicon
1816 4770 2070 4822 Johannls
2106 4774 2246 4834 regis
2275 4770 2356 4821 Ee
2391 4768 2437 4823 4.
2514 4770 2626 4822 Udt.
2658 4785 2756 4835 paa
2787 4770 2962 4822 Dansk
2991 4774 3007 4821 i
3037 4772 3300 4833 flvltieldt,
3340 4775 3522 4839 Bispe·
3589 4774 3638 4828 8.
3678 4775 3862 4827 Decbr.

806 4858 1032 4909 Krsnlke
1068 4858 1119 4907 S.
1150 4857 1231 4910 77.

528 4978 714 5043 2498,
804 4978 1187 5029 Hauserecesse
1226 4976 1259 5027 l.
1297 4976 1416 5030 221.

450 5108 459 5119 “
518 5096 713 5165 2499,
804 5100 1184 5151 Hauserocesse
1218 5096 1255 5147 1.
1292 5096 1547 5151 214—15.

3595 4978 3675 5033 15.
3713 4950 3900 5030 Deobr.

3593 5097 3676 5153 18.
3715 5098 3900 5150 Decbr.
