4275 5759
822 360 968 431 266
1923 356 1993 431 K
2001 379 2139 431 one
2199 358 2594 431 VALDEMAR
2645 361 3043 431 Amnum.

506 524 689 591 1343.

815 630 1289 711 Eymmersysael
1346 632 1605 694 sitorum
1669 634 1849 711 eique
1908 649 2020 709 per
2079 633 2384 694 Audi-eam
2442 633 2794 695 Poetersson
2851 638 3236 695 scutatorum
3303 636 3367 692 et
3420 638 3642 709 postea
3695 646 3808 709 per
3855 635 4152 707 quattuor

811 732 1047 794 litteras
1095 750 1241 794 suas
1286 733 1799 811 adjudicatorum,
1856 735 2061 795 statim
2108 735 2525 797 introducant.
2577 768 2652 779 ——
2701 734 3003 813 Alburqis,
3052 735 3186 795 sine
3232 750 3419 795 anno.

1423 836 1482 885 Η.
1512 836 1727 895 Manen,
1765 836 1875 887 Dcn
1912 835 2109 887 danske
2148 835 2414 889 Panterets
2451 837 2582 889 Hist.
2621 836 2675 887 S.
2707 835 2826 889 463.

1116 970 1331 1035 *1879.
1422 972 1776 1036 Hsnmnuus
1842 991 2043 1035 »nunc
2103 976 2376 1035 existens
2435 976 2500 1035 in
2544 974 2756 1053 Ripis,
2817 973 2980 1034 fliius
3026 972 3331 1034 Iohannis
3386 971 3462 1033 de
3509 970 3928 1050 Nygenborch
3985 970 4146 1032 civis

809 1072 1233 1152 Bremensis«‚
1279 1076 1449 1151 giver
1493 1078 1575 1136 sit
1620 1076 1943 1152 Samtykke
1989 1075 2055 1135 tii
2104 1084 2166 1136 et
2210 1076 2275 1135 af
2314 1076 2471 1137 hans
2517 1075 2712 1136 Fader
2756 1076 3060 1150 soretaget
3105 1073 3434 1151 Godssalg.
3485 1108 3564 1119 -
3607 1074 3803 1151 Rupis.
3893 1074 4146 1148 (Latin.)

1420 1176 1627 1229 Brudst.
1665 1190 1728 1239 og
1766 1176 1883 1227 Udt.
1920 1178 1937 1227 i
1980 1176 2306 1229 Bremisches
2341 1176 2678 1229 Urkundenb.
2715 1176 2776 1227 ΙΙ.
2813 1175 3067 1230 474-75.
3359 1180 3364 1187 ·

483 1413 689 1479 1343?
2344 1420 2618 1503 1343?

430 1616 512 1671 30·
552 1618 733 1669 Martii.
1110 1619 1327 1685 *188st
1416 1620 1837 1683 WALnsmnus
1879 1622 2197 1683 Danorum
2238 1621 2680 1700 Slavorumque
2718 1639 2824 1684 rex
2870 1619 3182 1701 testificat,
3230 1622 3518 1682 dominos
3554 1618 3804 1682 Petrum
3841 1620 4142 1682 Jaensson

805 1722 879 1783 de
929 1722 1121 1784 Cowit
1176 1728 1237 1784 et
1281 1725 1582 1784 Ascerum
1628 1727 1879 1803 Apyson
1928 1722 2002 1785 de
2050 1726 2268 1811 Wittin
2314 1724 2620 1803 Johanni,
2682 1723 3121 1785 archidiacono
3166 1724 3522 1803 Arusiensi,
3579 1722 3834 1785 nomine
3880 1725 4142 1803 capituli

805 1824 1031 1886 ibidem
1058 1826 1267 1886 omnia
1298 1824 1463 1886 bona
1500 1824 1616 1885 sibi
1650 1831 1797 1905 post
1833 1832 2094 1888 mortem
2120 1825 2381 1888 Broderi
2414 1826 2662 1887 diaconi
2685 1828 2826 1904 jure
2867 1825 3239 1887 hereditario
3267 1826 3692 1901 contingentia
3715 1831 4027 1888 scotasse.
4059 1862 4141 1871 —

803 1927 879 1988 In
918 1926 1141 2004 placito
1184 1934 1378 1988 nostro
1406 1930 1743 2003 Justitiario
1791 1930 2114 2007 Arusiensi,
2163 1946 2328 2003 anno
2380 1926 2543 1993 1333
2588 1930 2649 1988 in
2698 1927 3011 1990 dominica
3053 1927 3396 1989 Passionis,

1416 2030 1715 2094 Langebek‚
1760 2030 2007 2095 Scriptor.
2044 2044 2148 2082 rer.
2186 2031 2422 2081 Danicar.
2461 2030 2541 2079 vl.
2579 2028 2694 2083 477.
2779 2032 2958 2091 Aaret,
3003 2042 3120 2081 som
3157 2031 3409 2094 formigt
3445 2042 3603 2094 ogsaa
3638 2029 3812 2081 Codex
3845 2030 3971 2089 har,
4017 2044 4142 2081 maa

1417 2115 1738 2179 selviolgelig
1768 2130 1905 2167 voere
1936 2118 2176 2180 nrigtigt;
2215 2116 2316 2167 den
2344 2116 2439 2167 her
2467 2129 2582 2166 som
2613 2115 2768 2166 asdod
2797 2122 3004 2167 naevnte
3031 2116 3226 2167 Broder
3251 2116 3432 2167 leveds
3455 2116 3635 2167 enclnu
3663 2114 3800 2170 1335
3824 2114 3936 2180 (Νι.
3953 2116 4140 2181 2131),

1419 2213 1483 2265 og
1519 2201 1879 2272 AErkedegnen
1915 2202 2183 2253 lohannes
2222 2201 2356 2252 dode
2393 2201 2542 2257 1350.
2617 2201 3007 2265 Formodentlig
3043 2216 3100 2253 er
3135 2201 3227 2253 der
3259 2202 3426 2265 glemt
3459 2207 3511 2253 et
3545 2202 3590 2253 X
3623 2203 3642 2252 1
3676 2202 3973 2255 Austauet.

404 2335 483 2387 17·
526 2335 736 2390 octobr.
1111 2336 1326 2403 ‘1881.
1416 2339 1616 2402 MAcm
1660 2340 1828 2417 regis
1878 2340 2139 2417 Swecie,
2200 2339 2522 2415 Norwegie
2582 2344 2644 2399 et
2689 2340 2911 2400 Skanie
2958 2339 3174 2400 litterae
3223 2338 3301 2399 ad
3359 2340 3656 2401 consules
3701 2339 4138 2418 LubycenseS,

808 2440 1032 2518 quibus
1090 2440 1164 2500 ab
1224 2442 1301 2501 iis
1356 2443 1541 2519 petit,
1601 2446 1670 2503 ut
1722 2442 2117 2504 Hennichino
2174 2442 2442 2519 Zwarin,
2511 2440 2713 2519 legato
2773 2459 2924 2519 suo,
2981 2440 3164 2502 fldem
3223 2442 3581 2504 creditivam
3637 2442 3992 2505 adhibeant.
4057 2478 4138 2487 —

803 2542 1117 2621 Ludlaosie,
1164 2544 1317 2604 seria
1362 2550 1534 2605 sexta
1577 2550 1724 2623 post
1768 2542 1987 2604 Kalixti
2034 2560 2214 2624 pape,
2265 2544 2398 2605 sine
2446 2561 2632 2605 anno.

1412 2643 1747 2697 Urkundenb.
1786 2645 1834 2696 d„
1873 2646 2023 2697 Stadt
2057 2646 2271 2698 Lubeck
2309 2646 2368 2696 11.
2409 2645 2524 2700 726.

423 2866 493 2927 c,
545 2864 737 2930 1343.
2261 2873 2348 2956 O.
2423 2874 2673 2955 1343.

1112 3073 1332 3139 *1882
1424 3070 1693 3137 Casurus
1738 3075 2123 3153 Fotnsson,
2181 3074 2392 3152 mileS,
2452 3076 2884 3152 recognoscit,
2943 3092 3012 3137 se
3067 3090 3105 3135 a
3147 3074 3411 3152 Magno,
3481 3074 3718 3138 Suecioe
3775 3081 3895 3137 etc.
3957 3094 4136 3153 rege,

803 3177 1187 3253 Blekingiam
1256 3183 1319 3238 et
1380 3177 1669 3239 Listriam
1732 3194 1769 3238 a
1834 3178 2149 3238 dominica
2213 3178 2492 3256 proxima
2563 3177 2780 3239 mediae
2861 3177 3347 3256 quadragesimae
3415 3178 3478 3237 in
3547 3182 3677 3239 tres
3741 3194 3948 3240 annos
4017 3196 4136 3259 pro

802 3278 930 3342 500
973 3281 1199 3339 marcis
1246 3278 1641 3342 denariorum
1687 3280 2098 3343 Scanensium
2144 3280 2462 3341 annuatim
2510 3279 2827 3342 solvendis
2873 3282 3212 3359 recepisse.
3261 3313 3340 3325 -
3389 3280 3534 3341 Sine
3577 3296 3743 3343 anno
3789 3288 3854 3342 et
3895 3281 4024 3345 die.

1412 3380 1543 3445 Dipl.
1582 3380 1817 3441 Svecan„
1856 3380 1934 3433 ed.
1973 3381 2026 3432 B.
2054 3380 2112 3431 E.
2140 3378 2465 3431 Hildebrand
2498 3379 2556 3431 V.
2593 3380 2848 3437 232—ae

1106 3516 1321 3582 *1883.
1414 3518 1683 3581 CANUTUS
1730 3518 2144 3597 (Potuisson),
2201 3517 2405 3597 mileS,
2454 3534 2523 3581 se
2561 3519 2879 3599 Magnum,
2929 3519 3164 3581 Sueciae
3212 3525 3330 3581 etc.
3379 3534 3613 3597 regem,
3663 3535 3778 3597 pro
3826 3520 4136 3583 Siiinsora

802 3624 887 3695 (oz
939 3619 1253 3691 Siluisora)
1301 3626 1365 3681 et
1408 3626 1613 3681 castro
1652 3621 1997 3697 Silinsborg
2044 3624 2131 3697 (ot
2185 3620 2549 3697 Siluisborg)
2598 3638 2788 3701 super
2830 3620 2960 3686 200
3003 3622 3232 3682 marcis
3277 3621 3672 3698 denariorum
3711 3620 4131 3686 Scancnsium

803 3723 1199 3800 quittaturum
1247 3724 1568 3802 promittit.
1616 3759 1697 3770 —
1746 3723 1889 3785 Sine
1938 3740 2103 3784 anno
2153 3728 2214 3784 et
2258 3722 2377 3783 die.

1414 3825 1543 3889 Dipl.
1582 3825 1818 3884 Svecan„
1856 3825 1934 3876 ed.
1974 3824 2028 3875 B.
2056 3824 2113 3875 E.
2145 3824 2464 3877 Hildebrand
2499 3822 2554 3875 V.
2591 3824 2708 3880 233.

1106 3962 1324 4027 *1884.
1412 3964 1712 4026 Jomnnss
1760 3962 2162 4040 fusmacum,
2211 3962 2410 4043 mile5‚
2458 3963 2760 4026 Jonsssss
2805 3962 3029 4043 Κιειικ,
3075 3962 3307 4025 Psrnus
3349 3964 3554 4041 DuwA,
3597 3962 3811 4026 Bouno
3859 3964 4134 4030 Jcnssos

802 4072 862 4127 et
896 4064 1258 4127 Lsunsnrius
1296 4065 1645 4128 Munssos
1684 4072 2174 4143 recognoscunt,
2223 4082 2290 4127 se
2331 4066 2578 4145 Magno,
2627 4067 2862 4129 Sueciae
2900 4071 3018 4129 etc.
3058 4068 3213 4145 regi,
3260 4068 3324 4126 in
3358 4066 3587 4146 placito
3614 4067 3956 4145 justitiario
3993 4072 4134 4147 ejus

802 4169 1010 4228 omnia
1063 4167 1229 4229 bona
1284 4170 1346 4229 in
1402 4168 1797 4247 Halastatha,
1855 4167 2282 4244 Myaetastatha
2337 4168 2400 4229 in
2458 4170 2826 4247 Skyotheret
2881 4172 3032 4251 sita,
3101 4187 3236 4248 quse
3295 4175 3443 4249 post
3497 4175 3758 4230 mortem
3819 4170 4132 4232 lobannis

802 4270 983 4332 Duua
1015 4273 1157 4350 jure
1204 4270 1574 4332 hereditario
1621 4270 2059 4350 possidebant,
2112 4288 2227 4351 pro
2272 4268 2358 4333 40
2401 4274 2628 4333 marcis
2674 4274 2846 4352 puris
2893 4274 3133 4350 argenti
3179 4278 3242 4333 et
3286 4272 3412 4335 140
3453 4274 3682 4333 marcis
3725 4270 4132 4335 denariorum

802 4389 1103 4435 novorum
1152 4374 1559 4436 Scanensium
1610 4373 1937 4435 tradidisse
1985 4379 2047 4434 et
2091 4378 2397 4435 scotasse.
2447 4408 2526 4417 —-
2575 4374 2719 4436 Sine
2765 4391 2929 4436 anno
2977 4380 3039 4436 et
3083 4374 3204 4437 die.

1414 4476 1545 4541 Dlpl.
1584 4476 1820 4535 Svecan„
1858 4473 1937 4525 ed.
1974 4474 2029 4525 B.
2058 4475 2115 4525 E.
2149 4474 2465 4526 Hildebrand
2499 4474 2554 4525 V.
2592 4474 2845 4530 233-34.

1108 4612 1326 4678 *1885.
1418 4614 1733 4677 Consumit
1770 4630 1971 4678 orsini
2010 4613 2426 4675 Srssussunn
2469 4612 2548 4673 ad
2581 4613 2944 4677 Edwardum
2991 4630 3204 4691 regem
3240 4614 3460 4691 Anglio
3497 4614 3738 4691 littere,
3783 4614 3850 4677 in
3897 4615 4135 4693 quibus

801 4718 1037 4794 dicunt,
1088 4734 1155 4778 se
1200 4733 1363 4778 anno
1410 4718 1721 4796 praeterito
1766 4733 2061 4794 magnum
2104 4714 2336 4777 bellum
2373 4732 2517 4777 cum
2553 4732 2700 4791 rege
2739 4717 2969 4779 Swecie
3007 4722 3070 4779 et
3103 4716 3436 4779 comitibus
3469 4716 3784 4781 Holtzacie
3817 4718 4136 4797 gessisse,

802 4821 964 4881 inter
1017 4818 1136 4880 alia
1196 4819 1359 4897 quod
1420 4822 1845 4883 Winnsmmuu
1901 4836 2111 4895 regem
2172 4819 2488 4879 Danorum
2546 4818 2624 4880 de
2681 4835 2878 4896 regno
2934 4818 3254 4881 traditiose
3307 4820 3725 4898 expulissent,
3795 4836 3979 4898 quem
4055 4821 4133 4883 ad

802 4922 1287 5002 recuperandam
1345 4923 1650 5000 quandam
1709 4926 1945 5001 partem
2002 4922 2181 4998 regni
2246 4928 2308 4983 et
2361 4920 2438 4982 ad
2497 4920 2938 5001 deprimendos
2993 4923 3226 5001 piratas
3273 4920 3572 4985 Holsatos
3627 4920 3998 5001 adjuverint.
4055 4958 4133 4969 —

803 5024 947 5087 Sine
994 5040 1161 5087 anno
1208 5030 1271 5087 et
1316 5024 1435 5088 die.

1413 5127 1749 5180 Urkundenb.
1783 5127 1830 5179 d.
1859 5126 2011 5179 Stadt
2034 5126 2248 5177 Luheck
2281 5125 2361 5176 tv.
2397 5125 2618 5181 35—37.
2689 5127 2894 5178 Brudst.
2924 5129 2944 5177 t
2971 5126 3484 5192 ueklenburgtsches
3513 5126 3853 5181 Urkundenb.
3891 5128 3976 5179 lx.
4005 5128 4132 5185 488.
