4275 5759
462 522 648 589 1345.

329 628 460 677 Ante
474 626 555 681 15.
570 628 698 691 Aug.

343 1260 423 1313 15.
461 1261 701 1325 Augusti.

338 1912 418 1965 16.
455 1913 697 1975 Augusti.

369 2358 451 2409 20.
490 2359 691 2421 septbr.

366 2906 451 2962 26.
490 2908 693 2971 Septbr.

368 3352 451 3403 29.
490 3352 692 3415 Septbr.

368 3968 451 4024 29.
490 3971 696 4034 septbr.

371 4381 455 4433 29.
492 4382 695 4445 Septbr.

371 4894 453 4948 10.
490 4895 697 4945 Octobr.

424 5014 475 5067 5.
515 5014 698 5063 Novbr.

778 359 924 429 274
1886 352 2105 428 Kone
2157 352 2556 429 VALDEMAR
2605 356 3003 429 Amnum.

1074 629 1293 695 *1943.
1383 630 1689 692 Dominus
1711 630 2008 692 Hsumcus
2040 629 2260 691 Srerru
2289 634 2350 690 et
2371 630 2654 693 [hunicus
2684 630 3136 692 Hocnnuwsnna
3159 628 3527 693 consulibus
3543 626 4102 691 Wismariensibus

768 748 881 810 pro
929 732 1049 792 illis
1096 732 1171 793 de
1217 732 1775 812 Kallingheborch,
1836 731 2061 810 quibus
2119 730 2284 796 bona
2339 735 2400 793 in
2459 738 2645 813 portu
2690 732 3123 794 Wismariensi
3180 748 3292 812 per
3335 731 3477 793 illos
3523 730 3598 795 de
3643 730 3857 795 Lubek
3916 738 3980 793 et
4023 729 4101 791 de

770 831 1011 895 Rostok
1066 833 1269 897 ablata
1314 842 1493 912 sunt,
1556 836 1953 914 promittunt„
2012 834 2244 895 nullam
2301 838 2608 905 actionem
2668 851 2859 913 super
2913 834 3097 898 dictis
3151 833 3338 897 bonis
3396 840 3752 898 secuturam
3802 850 3969 895 esse.
4017 868 4104 877 —

768 936 925 997 Ante
972 937 1199 997 festum
1248 938 1697 1017 assumptionis
1742 936 1803 997 b.
1852 936 2064 998 Marie.

1384 1041 1718 1098 Burmeister,
1759 1039 2213 1103 Burgersprachen
2244 1053 2295 1089 ιι.
2325 1040 2761 1103 Bargervertrage
2789 1038 2881 1091 der
2910 1038 3061 1091 Stadt
3085 1038 3312 1090 Wismar
3347 1039 3400 1089 S.
3431 1038 3515 1090 nl.
3583 1037 4100 1103 Meklenburglsches

1380 1124 1715 1175 Urkundenb.
1755 1124 1834 1174 lx.
1873 1123 1989 1177 692.
2060 1124 2440 1177 Hauserecesse
2477 1125 2513 1177 l.
2552 1124 2633 1179 73.

1078 1260 1298 1325 *1944
1390 1262 1664 1325 Caeneus
1702 1261 1910 1338 (V1tus)
1956 1279 2116 1341 papa
2151 1264 2470 1343 episcopis
2505 1262 2905 1349 Roskildensi
2940 1266 3001 1322 et
3037 1261 3300 1341 Ripensi
3345 1268 3408 1326 et
3439 1260 3776 1326 Lubicensi
3823 1260 4100 1339 mandat,

772 1368 839 1422 ut
872 1362 1209 1424 Henricum
1257 1364 1493 1426 dictum
1538 1364 1747 1444 Risze,
1795 1364 2017 1426 laicum
2066 1364 2502 1427 Roskildensis
2549 1365 2844 1443 diocesis,
2893 1365 2994 1443 qni
3042 1364 3287 1441 aliquos
3333 1365 3675 1428 canonicos
3723 1369 3786 1425 et
3829 1363 4100 1425 clericos

768 1463 1122 1526 Lundensis
1158 1466 1452 1545 diocesis,
1500 1483 1537 1527 a
1582 1467 1787 1528 studio
1821 1465 2157 1528 Parisiensi
2194 1468 2258 1527 in
2294 1470 2551 1546 patriam
2599 1467 2955 1547 redeuntes,
3003 1467 3360 1547 spoliaverit
3392 1473 3455 1528 et
3498 1472 3718 1545 captos
3753 1467 4100 1545 retinuerit,

768 1567 1015 1645 publice
1042 1570 1603 1647 excommunicent,
1640 1568 1841 1631 donec
1875 1570 1952 1629 iis
1978 1574 2407 1649 competenter
2432 1570 2824 1631 satisfecerit.
2854 1605 2925 1615 -
2959 1568 3269 1647 Avenione,
3305 1568 3516 1631 xvul.
3541 1569 3661 1629 kal.
3690 1568 4100 1648 Septembris,

768 1670 1170 1747 pontificatus
1215 1672 1414 1732 nostri
1459 1687 1625 1732 anno
1674 1679 1911 1749 quarto.

1378 1773 1510 1837 Dipl.
1549 1773 1787 1833 Svecan„
1824 1774 1904 1825 ed.
1944 1777 1998 1825 Β.
2032 1777 2085 1825 E.
2113 1774 2432 1827 Endebrand
2468 1774 2524 1825 V.
2561 1772 2816 1827 489—90.
2885 1774 2962 1837 Ny
2995 1772 3269 1825 kirkehist.
3311 1773 3606 1837 Samnaga·
3640 1774 3722 1825 lv.
3753 1772 4016 1827 563—64.

1073 1908 1291 1974 *1945.
1383 1911 1683 1973 loannes
1717 1912 2072 1975 Annnnsson
2114 1912 2190 1973 de
2231 1912 2426 1973 stae
2463 1911 2710 1993 publice
2751 1912 2813 1973 in
2860 1911 3087 1991 placito
3124 1910 3700 1974 Harthakaersheret
3733 1911 4100 1973 Benechino

768 2014 1075 2073 canonico
1114 2012 1429 2074 Lundensi
1477 2014 1710 2075 curiam
1758 2031 1933 2076 suam
1973 2016 2033 2073 in
2075 2014 2468 2094 Hortoethorp
2517 2016 2695 2075 sitam
2732 2018 2874 2094 jure
2921 2019 3223 2093 perpetuo
3259 2013 3706 2091 possidendam
3753 2020 3978 2075 scotat.
4017 2048 4100 2059 —

765 2112 985 2176 Tereia
1031 2116 1183 2177 feria
1228 2120 1373 2195 post
1417 2118 1922 2195 assumpcionem
1967 2115 2029 2177 b.
2078 2116 2290 2177 Marie.

1380 2217 1513 2282 Dipl.
1552 2218 1789 2277 Svecan„
1827 2217 1907 2270 ed.
1946 2220 2000 2269 B.
2028 2218 2087 2269 E.
2117 2217 2434 2270 Hildebrand
2474 2218 2530 2269 V.
2567 2218 2684 2273 491.

1071 2353 1287 2419 *1946.
1380 2356 1653 2419 Genusus
1673 2355 1884 2431 (Vltus)
1915 2373 2075 2437 papa
2102 2358 2455 2437 praepositis
2488 2356 2772 2417 Stadensi
2799 2362 2860 2417 et
2888 2356 3168 2417 Vtinensi
3195 2361 3257 2416 et
3275 2357 3662 2417 thesaurario
3688 2356 4102 2418 ecclesiarum

768 2455 1210 2519 Lubicensium
1246 2458 1517 2537 mandat,
1566 2466 1635 2521 ut
1670 2460 1938 2521 Henrico
1976 2460 2275 2539 episcopo
2314 2460 2728 2537 sleswicensi,
2771 2459 3075 2537 querenti,
3126 2458 3289 2535 quod
3327 2475 3612 2538 personae
3651 2465 3773 2519 tam
3811 2460 4100 2536 religosoe

766 2576 949 2637 quam
1008 2559 1325 2621 seculares
1382 2560 1549 2623 bona
1603 2564 1739 2641 ejus
1798 2560 2181 2639 episcopalia
2225 2569 2538 2641 occupent
2594 2562 2774 2639 eique
2831 2562 3150 2622 molestias
3196 2560 3497 2640 inferant,
3565 2561 3952 2641 provideant.
4019 2596 4098 2605 —

765 2661 943 2739 Apud
990 2660 1417 2723 Villamnovam
1461 2665 1878 2725 Avim'onensis
1918 2666 2191 2742 diocesis,
2238 2664 2365 2725 ΧΙΙ.
2413 2664 2531 2725 kal.
2581 2663 2746 2742 Oet.‚
2793 2680 2892 2725 an.
2941 2663 3042 2725 W.

1378 2766 1451 2829 Ny
1484 2766 1752 2819 kirkehist.
1788 2766 2085 2831 Samllnger
2120 2765 2200 2817 lv.
2237 2766 2492 2820 564-65.

1070 2900 1288 2967 *1947.
1377 2904 1898 2985 Transsumptum
1934 2904 2009 2966 ab
2048 2921 2334 2967 οΑΡιτυιο
2358 2921 2644 2967 secusia:
2670 2902 3060 2967 annnwsis
3088 2903 3319 2965 editum
3345 2903 3686 2967 litterarum
3713 2902 4100 2965 Woldemari

765 3005 931 3080 regis
971 3004 1173 3066 Daciae
1220 3022 1385 3067 anno
1434 3006 1601 3070 1344
1646 3007 1743 3069 die
1794 3009 1849 3072 1.
1892 3009 2158 3083 Augusti
2203 3007 2480 3068 datarum
2529 3007 2605 3067 de
2653 3007 2856 3083 sigillo
2904 3007 3075 3084 regio
3122 3008 3253 3081 (cfr.
3303 3024 3397 3067 nr.
3434 3005 3674 3079 *190¹st
3705 3041 3781 3051 —
3811 3005 4098 3084 Remitte,

765 3107 917 3168 feria
962 3107 1239 3169 secunda
1283 3114 1424 3170 ante
1472 3110 1700 3171 festum
1747 3110 1807 3172 b.
1856 3109 2182 3171 Michaelis
2226 3109 2607 3186 archangeli.

1380 3212 1577 3275 Bunge,
1614 3212 1771 3271 le.-,
1811 3212 1983 3263 Esth.-
2020 3226 2073 3261 ιι.
2110 3211 2521 3262 Gurlandisches
2557 3211 2894 3263 Urkundenb.
2930 3211 2990 3263 11.
3028 3208 3282 3265 386—87.

1072 3346 1287 3411 *1948.
1378 3348 1798 3412 wesmannus
1848 3350 2163 3413 Danorum
2213 3350 2694 3429 sclavorumque
2739 3366 2876 3429 rex,
2942 3349 3061 3411 dux
3110 3350 3414 3426 Estoniae,
3468 3349 3790 3428 privilegia
3832 3349 4100 3409 civitatis

768 3448 1030 3510 Revaliae
1088 3449 1415 3511 confirmat
1469 3458 1531 3512 et
1582 3451 1901 3530 concedit,
1958 3470 2037 3513 ne
2096 3454 2236 3531 quis
2295 3454 2356 3512 in
2415 3458 2577 3513 terra
2633 3452 2886 3513 Estonie
2946 3451 3248 3513 decimam
3306 3453 3571 3530 piscium
3630 3452 3706 3513 de
3753 3448 4098 3513 Estonibus

766 3554 925 3613 infra
970 3559 1207 3614 murata
1250 3554 1511 3615 civitatis
1559 3554 1881 3615 antedictae
1928 3556 2206 3635 recipiat.
2255 3590 2336 3600 —
2383 3554 2641 3633 moabie,
2689 3554 2786 3616 die
2834 3556 2895 3617 b.
2941 3554 3265 3618 Michaelis
3310 3553 3688 3632 archangeli.

1387 3657 1581 3720 Bunge,
1617 3657 1774 3716 le.-,
1812 3656 1985 3707 Esth.·
2014 3671 2066 3707 ιι.
2096 3656 2506 3708 Curiandisches
2533 3656 2870 3708 Urkundenb.
2899 3656 2957 3706 ΙΙ.
2986 3654 3240 3709 389-90.
3313 3657 3510 3719 Bunge,
3547 3654 3766 3718 Quellen
3797 3656 3845 3707 d.
3875 3656 4099 3707 Revaler

1376 3741 1702 3794 Stadtrechts
1738 3741 1797 3792 u.
1834 3740 1937 3795 108
1964 3770 1990 3777 -
2007 3742 2121 3796 109.
2194 3744 2385 3807 Regest
2431 3744 2561 3795 efter
2607 3744 2747 3825 orig.
2795 3746 2814 3793 1
2851 3743 3087 3807 Beitrige
3121 3756 3164 3792 ι.
3203 3742 3387 3794 nunde
3423 3742 3625 3801 Ehstffi
3669 3742 3810 3794 ιιι-
3865 3754 3919 3792 ιι.
3959 3742 4096 3793 [ιιι-

1378 3828 1529 3879 lands
1565 3827 1627 3886 ll,
1662 3828 1711 3881 2.
1750 3828 1802 3879 8.
1831 3828 2084 3882 195-96.

1072 3964 1289 4029 *1949.
1383 3966 1805 4029 Wormnmaus
1839 3966 2158 4029 Danorum
2197 3967 2676 4045 sclavorumque
2716 3984 2822 4029 rex
2859 3972 2921 4029 et
2953 3967 3073 4028 dux
3111 3967 3384 4029 Estoniae
3419 3965 3739 4057 privilegia
3776 3963 4098 4027 Revaliam

768 4069 1290 4145 frequentantium
1338 4068 1683 4129 confirmat.
1734 4102 1810 4113 —-
1856 4069 2142 4148 Revalioe‚
2190 4070 2288 4131 die
2333 4069 2395 4131 h.
2446 4070 2764 4131 Michaelis
2811 4070 3185 4146 archangeli.

1382 4172 1586 4235 Bunge,
1641 4169 1806 4231 Liv.-,
1864 4170 2037 4222 Esth.-
2084 4186 2136 4221 ιι.
2185 4172 2598 4224 Curiandisches
2641 4172 2979 4224 Urkundenb.
3024 4172 3083 4223 11.
3131 4168 3384 4225 387—88.
3467 4170 3656 4233 Regnat
3707 4170 3838 4223 ester
3884 4170 4028 4233 orig.
4079 4172 4098 4220 Ι

1382 4256 1617 4321 Beltrage
1650 4272 1694 4307 z.
1731 4256 1917 4311 Kunde
1952 4257 2146 4317 Ehst.-,
2181 4258 2322 4311 ἰὴν.-
2357 4271 2411 4310 ιι.
2447 4258 2709 4310 Kurlands
2744 4258 2806 4318 11.
2841 4260 2891 4312 2.
2931 4260 2980 4310 S.
3011 4257 3128 4313 195.

1076 4374 1290 4441 ·1950.
1381 4378 1806 4440 Womemaus
1852 4376 2171 4439 Danorum
2217 4379 2697 4458 sclavorumque
2745 4397 2850 4441 rex
2895 4386 2956 4441 et
3001 4379 3122 4441 dux
3157 4378 3430 4442 Estoniae
3477 4378 3704 4440 civitati
3741 4376 4101 4438 Revaliensi

770 4480 1126 4559 complures
1172 4496 1365 4559 aquas
1413 4486 1473 4541 et
1517 4482 1723 4543 sontes
1770 4482 1832 4542 in
1880 4483 2085 4544 fossas
2133 4483 2396 4544 civitatis
2444 4481 2670 4544 ducere
2719 4482 3196 4560 molendinaque
3242 4486 3608 4543 construere
3653 4478 3966 4541 concedit.
4013 4512 4102 4523 -

771 4582 1051 4662 Revalioe,
1100 4583 1198 4645 die
1244 4584 1304 4645 b.
1353 4584 1677 4646 Michaelis
1724 4584 2104 4662 archangeli.

1383 4688 1589 4751 Bunge,
1644 4687 1812 4748 le.-,
1870 4688 2044 4739 Esth.-
2088 4702 2143 4738 u.
2190 4686 2600 4739 Curiandisehes
2645 4686 2984 4738 urkundenb.
3033 4686 3093 4738 11.
3137 4684 3392 4741 388-89.
3474 4686 3664 4751 Regest
3706 4686 3838 4738 ester
3881 4685 4026 4750 orig.
4077 4689 4096 4735 Ι

1386 4775 1617 4837 beitrage
1652 4788 1693 4825 ι.
1732 4772 1917 4825 Kunde
1953 4773 2145 4833 Ehst.-,
2184 4773 2292 4824 le.
2331 4788 2382 4825 ιι.
2419 4773 2680 4827 Kurlands
2717 4775 2779 4834 ll.
2815 4774 2864 4827 2.
2902 4774 2955 4825 S.
2985 4772 3102 4827 195.

1106 4890 1297 4955 2267,
1389 4891 1566 4945 Dansk
1600 4894 1779 4945 overe.
1817 4896 1835 4945 i
1872 4892 2056 4954 Kinch,
2094 4894 2224 4945 Bibe
2260 4894 2356 4957 Bys
2393 4894 2522 4947 illst.
2559 4893 2714 4945 indtll
2748 4893 2975 4947 Reform.
3013 4895 3065 4944 S.
3093 4892 3332 4947 191-92
3364 4892 3498 4957 uvfr.
3533 4892 3588 4945 S.
3615 4892 3752 4956 662.

1076 5011 1293 5077 *1951.
1386 5014 1660 5075 Canens
1719 5013 1928 5089 (Vltus)
1983 5031 2146 5094 papa
2201 5013 2518 5076 Gerhardo
2577 5013 2652 5077 de
2705 5014 3029 5094 Lubbeke,
3090 5014 3474 5096 presbitero,
3534 5015 3972 5077 canonicatum
4037 5020 4102 5076 et

772 5113 1165 5193 praebendam
1232 5117 1295 5177 in
1364 5118 1632 5178 ecclesia
1694 5117 1757 5177 b.
1815 5117 2022 5180 Mariae
2092 5118 2154 5176 in
2221 5116 2608 5196 Hamborch‚
2677 5117 2839 5200 apud
2908 5120 3141 5180 curiam
3209 5116 3552 5180 Romanam
3619 5123 3912 5179 vacantes
3981 5134 4102 5197 per
