4275 5759
1344 421 1561 494 Kone
1616 420 2015 493 vinosum
2074 423 2469 493 A'r‘rmtme.
3425 422 3570 497 309

3703 584 3826 655 135
3873 638 3888 653 .

226 692 624 756 slewicensis
671 694 1077 757 ecclesiarum
1128 695 1427 757 conferat.
1468 730 1548 741 —
1588 692 1767 773 Apud
1812 694 2240 756 villamnovam
2288 695 2702 758 Ammonem-ris
2744 694 3011 772 diocesis,
3059 694 3188 755 vll.
3230 693 3369 756 idus
3417 695 3572 774 Sep·
3825 588 3870 656 5

222 795 511 875 tembris‚
558 796 963 875 pontificatus
1011 798 1212 859 nostri
1256 813 1423 857 anno
1471 800 1691 861 tercio.

848 898 921 963 Ny
955 897 1225 951 kirkeblst.
1264 898 1560 963 Samllnger
1596 900 1677 951 lV.
1712 898 1817 954 578
1852 898 1989 965 (ivir.
2028 902 2080 951 S.
2112 898 2257 966 588).

534 1016 755 1083 “s-231.
846 1018 1233 1083 insomniis
1280 1018 1489 1093 (vitus,
1539 1035 1699 1099 papa
1745 1019 2180 1095 Woldemaro,
2239 1021 2368 1095 regi
2419 1018 2659 1099 Dacioe,
2717 1018 3029 1097 indulget,
3087 1025 3153 1078 ut
3211 1024 3355 1079 oc-to
3404 1018 3576 1095 cleri,
3650 1020 3702 1073 ⁷·
3737 1019 3939 1083 septbr.

222 1121 369 1197 qius
424 1119 755 1182 domestici
813 1120 1309 1198 commensales,
1373 1123 1615 1184 fructus
1674 1124 1951 1183 omnium
2006 1122 2456 1185 beneficiorum
2507 1122 3114 1197 ecclesiasticorum,
3177 1136 3313 1198 quae
3365 1123 3576 1200 possi-

224 1221 420 1282 deant
472 1220 570 1283 vel
625 1223 990 1301 possessuri
1052 1224 1212 1299 sint,
1282 1240 1483 1301 usque
1546 1222 1621 1284 ad
1682 1240 1883 1286 annos
1945 1230 2090 1286 octo
2153 1226 2526 1302 percipiant,
2599 1223 2974 1302 quotidianis
3033 1222 3576 1285 distributionibus

222 1320 549 1385 dumtaxat
594 1326 895 1404 exceptis,
941 1331 1005 1386 et
1048 1325 1125 1387 ad
1170 1325 1571 1387 residendum
1618 1328 1682 1387 in
1730 1327 2019 1388 ecclesiis
2064 1326 2286 1389 iisdem
2335 1328 2588 1389 minime
2627 1332 2952 1403 cogantur.
3008 1358 3064 1371 ——
3117 1325 3294 1403 Apud
3331 1324 3574 1384 Villam-

222 1443 443 1486 uovam
489 1427 907 1487 Ammonem&
948 1427 1215 1505 diocesis,
1268 1427 1390 1487 Vll.
1440 1428 1580 1490 idus
1628 1428 2035 1508 Septembris,
2082 1427 2482 1507 pontificatus
2529 1430 2726 1490 nostri
2774 1444 2938 1488 anno
2987 1429 3202 1489 tercio.

848 1529 921 1593 Ny
958 1528 1225 1580 kirkehlst.
1264 1528 1560 1593 Samllnger
1605 1530 1687 1580 IV.
1722 1528 1963 1583 579—80
2005 1529 2129 1595 (jvn-
2184 1530 2236 1581 S.
2265 1528 2409 1595 582).
2483 1528 2674 1582 Herom
2720 1530 2882 1594 udglk
2927 1540 3130 1580 semme
3166 1529 3270 1593 Dsg
3315 1528 3580 1581 Skrlvelse

848 1613 912 1665 tu
951 1614 1261 1666 Provsterne
1296 1617 1315 1667 l
1350 1612 1573 1679 Slesvlg,
1611 1614 1857 1667 Rosulde
1892 1628 1957 1679 og
1992 1614 2137 1667 mbo.

538 1730 759 1796 *2232
852 1732 1241 1797 insocsnrms
1290 1734 1506 1811 (Vltus)
1553 1751 1713 1815 papa
1748 1734 2171 1814 Woldemaro‚
2219 1734 2348 1812 regi
2387 1735 2602 1814 Datim,
2651 1735 2952 1813 indulget,
3003 1741 3092 1814 ut,
3141 1735 3192 1795 si
3240 1735 3454 1795 forsan
3501 1735 3578 1796 ad
3650 1738 3698 1791 ῖ.
3737 1738 3940 1801 septbr.

222 1838 369 1897 loca
412 1836 749 1898 interdicto
796 1836 1229 1898 ecclesiastico
1278 1836 1605 1917 supposita
1651 1839 1915 1915 venerit,
1976 1838 2031 1898 ei
2088 1837 2272 1897 liceat
2328 1839 2390 1898 in
2453 1838 2574 1899 illis
2634 1838 2750 1899 sibi
2799 1839 3054 1897 missam
3104 1841 3165 1898 et
3209 1837 3327 1897 alia
3373 1836 3582 1898 officia

222 1938 437 1999 divina
482 1938 786 1999 celebrari
833 1938 1061 2017 iacere,
1110 1938 1448 2001 dummodo
1495 1941 1549 2001 is
1595 1939 1689 2001 vel
1736 1938 2065 2001 domestici
2096 1941 2249 2018 'ejus
2295 1956 2548 2004 causam
2599 1938 2926 2001 interdicto
2976 1956 3100 2000 nou
3155 1938 3457 2001 dederint.
3505 1974 3570 1983 —

224 2040 409 2118 Apud
452 2038 885 2099 Villamnovam
922 2044 1335 2101 Avinionenrts
1365 2042 1635 2119 diocesia,
1676 2040 1798 2103 vll.
1846 2041 1985 2103 idus
2023 2041 2427 2121 SeptembriS,
2475 2042 2878 2123 pontificatus
2918 2042 3116 2102 nostri
3151 2057 3317 2103 anno
3361 2039 3575 2103 tercio.

850 2142 925 2205 Ny
958 2141 1222 2193 kirkehlst.
1263 2141 1557 2207 Samlluger
1595 2144 1673 2193 lv,
1711 2143 1815 2197 580
1851 2142 1988 2210 (Jvrr.
2028 2143 2079 2193 S.
2112 2142 2254 2210 582).

542 2261 759 2326 ·2233.
851 2254 1237 2326 innoc-runos
1284 2262 1495 2339 (Vltus)
1541 2279 1703 2343 papa
1738 2262 2159 2341 Woldemaro‚
2209 2264 2338 2339 regi
2375 2265 2591 2341 Datiae,
2639 2263 2950 2342 concedit,
2997 2270 3065 2325 ut
3102 2282 3243 2326 cum
3285 2264 3576 2342 Helwige‚
3650 2266 3696 2319 7.
3735 2267 3940 2331 septbr.

222 2364 471 2441 regina,
520 2370 580 2425 et
623 2364 835 2426 liberis
873 2365 1069 2427 semel
1104 2366 1420 2428 dumtaxat
1453 2367 1516 2427 in
1554 2381 1720 2427 anno
1756 2366 2134 2427 monasteria
2171 2365 2603 2441 religiosarum
2639 2366 3020 2429 inclusarum
3061 2382 3577 2443 quorumcunque

222 2465 520 2527 ordinum
580 2466 1038 2546 ingrediantur,
1097 2468 1435 2531 dummodo
1494 2467 1576 2529 ibi
1633 2486 1762 2529 non
1809 2468 2143 2529 comedant
2197 2486 2312 2529 nec
2371 2473 2762 2548 pernoctent.
2809 2502 2894 2515 —
2941 2469 3116 2545 Apud
3155 2467 3577 2528 villamnovam

223 2570 649 2629 avinionensis
688 2570 959 2647 diocesis,
1010 2570 1135 2630 Vll.
1185 2571 1266 2631 id.
1317 2570 1688 2650 Septembr.,
1734 2570 2135 2650 pontificatus
2185 2572 2382 2632 nostri
2429 2587 2595 2632 anno
2641 2570 2858 2631 tercio.

850 2670 921 2734 Ny
957 2672 1224 2725 kirkehlst.
1263 2672 1559 2736 Samllnger
1593 2673 1675 2723 lv,
1712 2670 1950 2725 580—81
1991 2672 2126 2737 (ivir.
2166 2674 2217 2723 S.
2245 2672 2390 2739 582).

539 2788 760 2854 *2234
852 2790 1238 2855 issocssrius
1275 2796 1328 2867 (l
1350 2792 1483 2865 ltus)
1520 2809 1679 2872 papa
1712 2792 1987 2853 Gerardo
2024 2793 2100 2853 de
2135 2792 2372 2871 Monte,
2411 2794 2539 2854 viro
2576 2792 2790 2871 nobili,
2839 2792 3161 2871 capellano
3198 2791 3576 2853 Woldemari
3649 2797 3696 2849 7.
3735 2798 3940 2863 septbr.

216 2892 423 2969 regis,
464 2892 988 2971 supplicationum
1024 2895 1211 2974 hujus
1249 2896 1415 2972 rugis
1452 2912 1663 2973 causa,
1702 2895 1777 2956 dc
1814 2896 2187 2956 canonicatu
2223 2901 2284 2955 et
2317 2894 2652 2973 praebenda
2687 2894 2970 2955 ecclesiae
3021 2894 3356 2956 verdensis
3392 2900 3577 2971 atque

214 2992 740 3057 archidiaconatu
785 2996 848 3056 in
900 2997 1245 3059 Beuensem
1297 2997 1591 3076 providet.
1638 3032 1721 3041 —
1768 2998 1945 3074 Apud
1988 2997 2200 3057 villam
2237 3014 2446 3057 novam
2492 2998 2901 3057 Avinionensis
2943 2998 3212 3073 diocesis,
3259 2996 3387 3057 Vll.
3437 2996 3576 3058 idus

218 3094 644 3177 Septembris,
690 3114 857 3160 anno
904 3100 1121 3161 tercio.

850 3200 968 3251 Udt.
1005 3202 1022 3250 l
1058 3201 1133 3266 Ny
1168 3200 1438 3253 kirkebist.
1479 3201 1775 3265 Samlinger
1809 3201 1889 3252 lV.
1926 3202 2046 3255 581.

540 3316 760 3383 *2235
852 3318 1237 3384 lsnocssrius
1308 3322 1517 3397 (Vltus)
1579 3339 1740 3402 papa
1796 3324 2044 3387 Alberto
2093 3322 2512 3399 Gotghemac,
2576 3320 2898 3400 capellano
2946 3320 3324 3382 Woldemari
3387 3324 3575 3401 regis,
3651 3328 3698 3380 7.
3737 3328 3942 3394 septbr.

218 3422 381 3483 huic
424 3421 689 3497 gratiam
744 3422 1017 3501 iaciens,
1079 3422 1155 3485 de
1218 3426 1597 3486 canonicatu
1664 3432 1724 3485 et
1778 3425 2114 3505 proebenda
2172 3425 2456 3485 ecclesioe
2507 3424 2876 3486 Lubiceusis
2923 3424 3223 3503 providet.
3276 3460 3352 3468 --
3407 3426 3580 3502 Apud

216 3522 443 3583 villam
486 3540 701 3585 novam
748 3524 1165 3587 Avinionemis
1206 3528 1475 3604 diocesis,
1526 3527 1651 3588 Vll.
1701 3527 1841 3590 idus
1887 3526 2294 3606 Septembris,
2341 3542 2507 3587 anno
2557 3526 2773 3587 terci0.

849 3626 965 3679 Udi.
1004 3630 1023 3678 i
1058 3630 1133 3691 Ny
1165 3628 1437 3681 kirkeblst.
1474 3628 1771 3693 Samlinger
1805 3628 1885 3681 IV.
1923 3628 2178 3683 581—82.

540 3726 761 3792 *2236.
852 3728 1240 3794 lsuocsurius
1288 3731 1497 3806 (Vltus)
1544 3747 1703 3810 papa
1749 3732 2149 3794 Woldemaro
2208 3734 2336 3807 regi
2386 3730 2590 3792 Daciae
2654 3736 2931 3809 tempore
2977 3746 3344 3806 guerrarum
3391 3749 3578 3795 usum
3651 3737 3699 3791 7.
3739 3738 3941 3804 septbr.

219 3830 690 3891 lacticiniorum
726 3832 791 3892 in
826 3832 1047 3894 diebus
1078 3834 1303 3912 jejunii
1335 3833 1644 3894 concedit.
1690 3870 1764 3879 —
1804 3836 1983 3913 Apud
2016 3834 2230 3895 villam
2263 3849 2476 3894 novam
2514 3833 2926 3893 avinionensis
2957 3828 3225 3911 diocesis,
3276 3833 3400 3895 Vll.
3438 3834 3579 3897 idus

226 3931 649 4011 Septembris,
695 3948 861 3995 anno
908 3937 1127 3997 tercio.

853 4033 969 4087 Udt.
1008 4040 1023 4088 i
1060 4036 1134 4101 Ny
1170 4036 1437 4089 klrkehlst.
1477 4037 1774 4102 Ssmllnger
1810 4039 1888 4090 lv.
1926 4038 2047 4095 582.

544 4134 765 4201 *2237.
856 4136 1241 4204 innectamus
1290 4140 1497 4213 (Vltus)
1547 4158 1705 4219 papa
1742 4142 2142 4204 Woldemaro
2179 4144 2307 4220 regi
2349 4146 2410 4203 et
2454 4142 2684 4217 regium
2732 4146 2796 4201 et
2839 4139 3056 4201 decem
3105 4140 3240 4200 aliis
3287 4144 3577 4220 personis
3649 4148 3696 4200 7.
3737 4146 3940 4211 septbr.

218 4238 683 4315 indulgentiam
743 4245 1149 4319 peccatorum
1202 4244 1263 4303 in
1322 4243 1587 4303 articulo
1645 4246 1863 4306 mortis
1920 4246 2103 4322 eique
2165 4244 2520 4305 facultatem
2568 4244 3034 4320 confessorem,
3109 4245 3210 4320 qui
3270 4260 3408 4304 eum
3468 4260 3580 4322 per

165 4400 177 4416 ,
226 4342 457 4403 decem
490 4358 693 4405 annos
729 4342 1027 4421 absolvat,
1064 4344 1332 4420 eligendi
1370 4345 1679 4407 concedit.
1728 4380 1794 4391 -—
1840 4347 2013 4424 Apud
2046 4346 2258 4407 villam
2292 4364 2504 4407 novam
2534 4346 2945 4405 Avinionensis
2974 4346 3243 4423 diocesis,
3286 4344 3410 4406 Vll.
3440 4345 3578 4408 idus

230 4442 649 4522 Septembris,
696 4461 863 4507 anno
909 4447 1127 4508 tercio.

854 4544 971 4597 Udt.
1004 4548 1026 4597 l
1060 4547 1135 4612 Ny
1168 4547 1437 4601 kirkehlst.
1475 4549 1771 4613 Samllnger
1806 4550 1887 4601 lv.
1922 4550 2042 4605 582.

545 4647 764 4715 *2238.
855 4648 1241 4714 lunocrnrms
1320 4651 1529 4724 (Vltus)
1612 4671 1804 4734 papa,
1886 4654 2448 4733 supplicationibus
2529 4651 2905 4713 Woldemari
2987 4652 3152 4727 regis
3231 4658 3576 4733 permotus,
3648 4658 3696 4711 ’1.
3736 4659 3940 4723 septbr.

232 4748 569 4813 frederico
602 4750 815 4831 went,
866 4752 1147 4813 omilitari
1186 4770 1261 4816 ex
1294 4760 1559 4834 utroque
1594 4764 1915 4836 parenteu,
1962 4756 2037 4817 de
2076 4758 2488 4835 praepositura
2527 4757 2589 4815 iu
2628 4753 3030 4815 Schildesehe
3069 4753 3342 4815 diocesis
3381 4755 3575 4817 Pade-

232 4852 573 4931 burgensis
596 4854 899 4933 providet.
916 4856 1189 4931 —Apud
1211 4855 1416 4917 villam
1444 4876 1657 4917 novam
1684 4861 2098 4918 Avinionemis
2116 4860 2386 4935 diocesis,
2413 4856 2520 4919 Vll
2571 4856 2707 4917 idus
2733 4856 3140 4934 SeptembriS,
3165 4872 3331 4917 auno
3359 4860 3574 4918 tercio.

856 4955 971 5007 Uut.
1008 4957 1025 5006 l
1064 4957 1136 5021 Ny
1174 4957 1443 5009 klrkehlst.
1482 4959 1778 5024 Samllnger
1815 4958 1894 5010 lv.
1930 4956 2050 5012 583.

544 5055 763 5123 ²223&
854 5057 1240 5122 issocssrrus
1287 5060 1498 5138 (vitus)
1557 5079 1715 5141 papa
1772 5062 1953 5125 Petro
2000 5062 2359 5138 Laurencii‚
2417 5060 2601 5124 Petro
2649 5065 2916 5143 Stugge,
2977 5064 3274 5126 militibus
3321 5067 3380 5123 et
3427 5078 3572 5123 ora·
3648 5068 3703 5123 7.
3735 5070 3942 5132 septbr.

230 5159 479 5222 toribus
526 5161 691 5237 regis
737 5160 977 5240 Dacus,
1038 5169 1098 5223 et
1141 5162 1446 5225 Nicholao
1494 5164 1569 5225 de
1616 5164 1959 5244 Lembeke,
2017 5163 2228 5243 militi,
2285 5178 2629 5243 eorumque
2675 5166 2972 5228 uxoribus
3030 5182 3102 5228 ac
3162 5166 3377 5229 decem
3435 5166 3572 5227 aliis
