4275 5759
1456 352 2145 426 MELLEMREGERING.
3321 360 3469 433 237

432 628 654 695 *1650
743 628 1126 693 Nicnomtms
1207 628 1411 691 dictus
1493 628 1842 691 Burntncnae
1921 646 1990 690 se
2068 627 2146 689 ad
2227 627 2583 691 indemnem
2664 628 3050 691 reddendum
3118 631 3471 693 Johannem

176 734 280 810 ng
323 751 443 814 pro
504 732 816 811 aedificiis,
886 734 940 793 si
996 749 1116 810 qua
1172 734 1236 793 in
1293 732 1477 793 bonis
1536 732 1668 793 suis
1725 731 1790 791 in
1845 731 2255 811 Butbinghae,
2326 732 2382 791 ei
2449 748 2563 810 per
2630 732 2866 792 litteras
2937 750 3083 795 suas
3155 734 3469 812 impigno-

175 838 310 913 ratis‚
357 837 752 913 instruxerit,
800 842 1131 913 antequam
1181 852 1292 914 per
1337 851 1406 895 se
1453 832 1866 913 redimantur,
1916 834 2386 913 compromittit.
2431 867 2513 877 —
2560 834 2673 895 Die
2718 834 2779 895 b.
2831 835 3142 898 Ambrosii
3190 838 3473 917 episcopi

179 946 222 999 et
254 940 646 1001 confessoris.

744 1022 990 1081 Ilerdam,
1031 1021 1397 1084 ttjobennavns
1435 1020 1617 1072 Kirker
1653 1034 1718 1084 og
1755 1020 1978 1080 Klostre,
2015 1020 2132 1071 ΤΗΙ.
2172 1021 2223 1072 S.
2254 1018 2404 1074 6-7.

461 1144 652 1209 2129,
745 1142 951 1206 Helveg,
997 1144 1101 1193 [len
1141 1142 1340 1194 danske
1375 1142 1556 1194 Kirkes
1595 1142 1724 1193 nist.
1761 1141 1823 1193 til
1860 1140 2088 1191 Reform.
2126 1140 2187 1192 ll.
2225 1140 2295 1194 98
2332 1145 2548 1204 antager
2585 1140 2771 1192 Brevet
2805 1142 2888 1193 Νι.
2919 1142 3057 1197 2429
3097 1143 3178 1195 sor
3216 1149 3267 1196 et
3302 1144 3471 1195 Brud-

744 1229 924 1292 stykke
959 1228 1015 1278 ar
1046 1228 1186 1279 dette
1221 1230 1368 1279 Brev.

459 1348 647 1413 2130,
738 1348 1001 1407 Thorsen,
1059 1348 1130 1398 De
1177 1348 1295 1399 med
1340 1346 1522 1411 jydske
1567 1345 1676 1397 Lov
1729 1345 2045 1409 beslaegtede
2092 1345 2409 1397 Stadsretter
2455 1347 2507 1397 S.
2546 1345 2785 1400 154-75
2833 1347 3005 1409 (Latin
3058 1363 3123 1413 og
3171 1348 3472 1413 Plattydsk).

745 1431 1242 1485 Urknndensamml.
1282 1433 1330 1483 d.
1371 1430 1658 1484 Gesellsch.
1701 1431 1734 1482 t.
1778 1431 2455 1483 schlesw.-holst.-lauenb.
2494 1432 2681 1483 Gesch.
2722 1434 2801 1484 lv.
2840 1433 3061 1487 91—97.

431 1534 654 1601 *1651.
744 1536 1079 1615 Jonaunss,
1141 1535 1458 1599 Rsrmnus
1505 1540 1568 1596 et
1609 1534 1851 1612 Hasso,
1909 1534 2132 1596 fratres
2192 1533 2342 1596 dicti
2399 1534 2475 1596 de
2519 1536 2821 1617 Wsoscs,
2880 1537 3230 1617 Thyderico
3276 1538 3473 1618 Horu,

177 1640 374 1701 consuli
419 1642 488 1701 in
536 1638 834 1716 Rozstok,
883 1638 1086 1699 villam
1134 1639 1509 1717 Zaghentze,
1559 1639 1723 1699 sicut
1766 1642 1942 1717 pater
1987 1636 2332 1716 Reymarus
2380 1637 2455 1699 de
2500 1625 2760 1701 Wedele
2807 1639 2884 1701 ab
2930 1641 3116 1703 Erico
3155 1640 3473 1703 Danorum

177 1756 290 1817 rege
330 1742 702 1821 possederit,
749 1740 1194 1821 possidendam
1243 1743 1583 1816 resignant.
1639 1775 1713 1784 —
1763 1740 1831 1800 ln
1878 1738 1977 1801 die
2023 1738 2190 1801 Petri
2241 1747 2303 1802 et
2346 1739 2517 1802 Pauli
2565 1742 3018 1821 apostolorum.

752 1842 1264 1907 Meklenburgisches
1300 1842 1640 1894 Urkundenb.
1678 1842 1803 1892 vul.
1841 1840 1958 1895 528.

427 1945 656 2011 *1652
745 1946 992 2007 Litterae
1053 1962 1411 2041 onocsrh·
1448 1938 1748 2009 consonuit
1816 1950 1878 2006 et
1945 1960 2237 2008 conmotus
2300 1961 2585 2008 curturis
2646 1946 2996 2011 Lounmnsts
3054 1948 3131 2011 de
3190 1948 3469 2011 declara-

180 2048 408 2109 tionibus
455 2050 926 2129 capitaneorum
981 2050 1228 2110 navium
1276 2050 1339 2108 in
1383 2047 1548 2110 hello
1598 2053 1815 2110 contra
1863 2048 2257 2110 Staurienses
2304 2048 2367 2109 in
2414 2047 2735 2112 Nonssunr
2780 2052 3157 2130 missorum,
3217 2069 3353 2129 quae
3400 2052 3479 2113 ad

179 2153 555 2227 querimonias
605 2151 869 2213 duorum
920 2151 1373 2231 oppidanorum
1411 2150 1486 2212 de
1521 2150 1866 2212 Enkhuzen
1902 2156 1964 2212 et
1997 2152 2523 2230 compositionem
2569 2152 2633 2211 in
2679 2153 2796 2215 hac
2833 2171 2899 2215 re
2936 2171 3147 2215 coram
3184 2154 3477 2216 Bertoldo

183 2251 360 2331 Kulen,
403 2261 552 2316 tunc
599 2254 900 2332 temporis
945 2252 1245 2315 advocato
1282 2252 1618 2315 Lubicensi
1665 2255 1726 2313 in
1765 2253 2101 2333 senonens,
2150 2253 2375 2315 factam
2424 2260 2730 2332 spectant.
2782 2290 2859 2299 —-
2908 2256 2975 2316 ln
3023 2256 3120 2317 die
3166 2256 3480 2318 dominica

181 2358 416 2432 proxima
457 2365 607 2435 post
651 2358 883 2419 festum
926 2355 988 2418 b.
1037 2355 1257 2417 Jacohi
1301 2354 1592 2436 apostoli.

747 2456 1086 2510 urkundenb.
1125 2457 1174 2533 d.
1214 2456 1364 2509 Stadt
1399 2456 1611 2509 Lubeck
1645 2457 1705 2508 11.
1742 2457 1996 2511 569-70.

443 2560 663 2626 *1653.
755 2561 1084 2639 loannes»,
1133 2578 1348 2622 comes
1384 2559 1679 2622 Holsatiae
1717 2566 1778 2621 et
1814 2562 2165 2622 Stormariae
2204 2560 2710 2641 Syaellendiaeque
2746 2566 3131 2642 capitaneus,
3180 2564 3475 2645 placitum

183 2661 502 2726 Litlaehaeret
560 2664 952 2726 visitantibus
1010 2663 1284 2742 nuntiat,
1345 2680 1412 2725 se
1469 2662 1654 2726 Petro
1713 2663 2065 2726 Niclaesson
2121 2663 2551 2726 molendinum
2608 2665 3021 2728 Thorslundae
3082 2668 3305 2744 situm,
3364 2685 3479 2747 per

180 2762 386 2826 Petrum
419 2766 711 2847 Snubhae,
759 2772 996 2846 patrem
1043 2767 1253 2827 uxoris
1302 2764 1449 2827 dicti
1483 2765 1670 2844 Petri,
1716 2765 2091 2843 Hemmingo
2126 2766 2447 2828 Paeterson
2486 2769 2971 2845 impignoratum
3008 2770 3254 2848 ipsique
3291 2769 3476 2834 Petro

181 2863 482 2931 Niclaesson
522 2872 650 2949 jam
698 2885 811 2949 per
846 2868 1085 2949 judicia
1117 2868 1327 2947 placiti
1363 2885 1580 2930 eorum
1615 2874 1677 2930 et
1711 2869 1919 2949 placiti
1956 2868 2267 2944 generalis
2306 2869 2749 2949 adjudicatum,
2800 2878 3021 2948 quarto
3056 2871 3475 2952 adjudicasse,

181 2972 404 3045 pecunia
445 2988 560 3051 pro
605 2971 969 3034 molendino
1015 2970 1379 3033 redimendo
1425 2970 1714 3032 exhibita.
1769 3006 1841 3015 —-
1895 2970 2212 3050 RoslcildiS,
2263 2973 2398 3033 sine
2442 2990 2609 3034 anno
2656 2978 2719 3033 et
2762 2973 2881 3034 die.

751 3074 811 3125 11.
847 3074 1063 3133 Metaon,
1102 3072 1212 3125 Don
1249 3072 1448 3124 danske
1485 3072 1754 3124 Panterets
1791 3072 1921 3125 nist.
1961 3073 2013 3123 S.
2042 3071 2297 3127 458—59.

441 3176 662 3241 *1654
751 3177 1089 3255 «Iomnium,
1149 3192 1364 3237 comes
1411 3176 1704 3237 Holsatiae
1767 3182 1829 3238 et
1879 3177 2229 3237 Stormariae
2289 3180 2780 3257 capitaneusque
2838 3178 3235 3257 Syellendiae,
3294 3180 3475 3244 Petro

181 3277 486 3343 Niclaesson
543 3278 970 3342 molendinum
1028 3278 1090 3338 in
1148 3278 1602 3341 Thorslunddae
1662 3280 1882 3355 situm,
1943 3280 1999 3340 ei
2047 3280 2177 3357 jam
2234 3295 2348 3357 per
2394 3279 2631 3357 judicia
2688 3281 2897 3359 placiti
2948 3282 3357 3343 Lillaehaereth
3418 3288 3479 3344 et

181 3381 354 3457 placiti
395 3383 705 3461 generalis
743 3380 1106 3461 Syellendiae
1155 3385 1215 3442 et
1252 3398 1365 3461 per
1399 3387 1692 3458 quattuor
1738 3398 1886 3444 suas
1922 3380 2160 3443 litteras
2195 3381 2638 3460 adjudicatum,
2686 3390 2989 3463 perpetuo
3027 3385 3478 3463 possidendum

182 3484 472 3565 adjudicat,
509 3486 657 3549 huic
692 3502 898 3547 causae
926 3490 1294 3564 perpetuum
1325 3484 1639 3545 silentium
1674 3486 2028 3564 imponens.
2057 3518 2136 3528 —
2167 3484 2482 3563 matildis,
2522 3486 2584 3545 in
2622 3485 2719 3547 die
2744 3486 2806 3547 b.
2835 3487 3162 3549 Laurencii
3188 3488 3476 3549 martiris.

753 3586 813 3637 Η.
846 3586 1064 3645 ltatzen,
1102 3584 1210 3637 Den
1251 3586 1448 3637 danske
1484 3585 1755 3638 Panterets
1793 3586 1922 3637 Hist.
1963 3586 2014 3637 S.
2043 3585 2161 3639 459.

445 3689 663 3755 ’1655
753 3690 1210 3769 wimannus,
1269 3688 1392 3751 dux
1436 3689 1646 3767 «lucie,
1705 3689 1847 3750 filiis
1893 3689 2130 3750 domini
2178 3689 2537 3751 Gotschalci
2595 3691 2671 3752 de
2718 3692 3137 3770 Leembecke,
3198 3692 3481 3755 videlicet

181 3790 410 3855 lohanni
459 3794 668 3873 militi,
723 3792 1020 3871 Nicolao,
1077 3792 1356 3871 Ludero,
1420 3792 1832 3871 Gotschalco,
1893 3792 2226 3871 Emekino,
2284 3791 2689 3873 Marquardo,
2750 3794 2965 3856 Ottoni
3023 3803 3084 3857 et
3128 3796 3477 3875 Tymmoni,

180 3894 418 3975 famulis,
485 3913 694 3958 aream
750 3897 814 3956 in
875 3896 1118 3956 civitate
1178 3894 1557 3957 Slesvicensi
1613 3896 1829 3973 sitam,
1898 3894 2064 3973 apud
2119 3894 2451 3957 ecclesiam
2513 3898 2711 3957 sancti
2773 3897 3104 3960 Salvatoris
3174 3899 3236 3958 in
3306 3905 3477 3977 parte

181 3998 438 4085 australi,¹
464 4000 782 4078 perpetuis
830 3996 1216 4077 temporibus
1263 3997 1708 4077 possidendam
1756 3995 1880 4058 dat.
1927 4030 2011 4040 —
2057 3996 2124 4057 ln
2173 4001 2602 4076 assumptione
2648 4000 2707 4059 b.
2758 4000 3033 4076 Virginis
3078 4001 3376 4079 gloriose.

752 4099 1082 4152 sahi-bucher
1116 4100 1150 4151 f.
1190 4099 1238 4149 d.
1277 4098 1532 4150 Laudesk.
1571 4099 1619 4150 d.
1658 4098 1932 4163 Herzogth.
1970 4098 2241 4159 Schlesw„
2278 4100 2444 4151 Holst.
2484 4113 2533 4151 u.
2574 4100 2805 4153 Lauenb.
2844 4101 2924 4152 lx.
2961 4101 3078 4155 259.

449 4200 667 4267 ²165&
756 4204 1094 4283 JOHAthS,
1148 4219 1365 4264 comes
1411 4203 1727 4265 Holtzacie
1776 4208 1838 4263 et
1884 4203 2218 4264 Stormarie
2266 4209 2694 4281 terrarumque
2741 4205 3066 4285 Zelandie,
3127 4205 3373 4268 Ymhrie
3421 4214 3483 4267 et

183 4302 432 4368 Lalandie
501 4305 827 4387 dominus,
897 4306 1137 4367 Danieli
1206 4308 1514 4367 canonico
1571 4304 2032 4382 Hamburgensi
2099 4306 2314 4381 viginti
2382 4324 2727 4368 marcarum
2800 4307 3077 4371 redditus
3139 4310 3200 4370 in
3264 4308 3479 4381 decem

183 4411 380 4471 mansis
423 4409 583 4472 villae
635 4408 1117 4488 Blisekendorpe
1175 4410 1237 4469 in
1286 4408 1535 4471 Ymbria
1589 4407 1830 4487 vendit,
1890 4410 1974 4469 ita
2017 4414 2086 4470 ut
2128 4410 2207 4469 iis
2254 4408 2444 4470 libere
2492 4414 2730 4488 utatur,
2792 4412 2955 4472 sicut
3008 4419 3480 4473 »antecessores

183 4512 344 4571 nostri
383 4512 703 4573 Danorum
751 4530 970 4589 reges«
1026 4517 1087 4573 et
1131 4512 1268 4590 ipse
1317 4513 1392 4573 iis
1439 4513 1539 4574 usi
1587 4513 1733 4573 sint.
1783 4545 1860 4555 —
1909 4510 2120 4591 Plone,
2170 4514 2231 4572 in
2280 4512 2560 4591 profesto
2606 4512 2930 4575 Michaelis
2976 4515 3355 4591 archangeli.

759 4614 1044 4673 Leverkus,
1079 4612 1418 4677 Urkundenb.
1458 4616 1506 4666 d.
1546 4614 1821 4666 Bisthums
1858 4612 2071 4665 Lfibeck
2108 4614 2142 4663 l.
2182 4612 2435 4668 765-66.

447 4714 674 4783 *1662
765 4718 1036 4797 Missus,
1082 4734 1190 4779 rex
1229 4718 1484 4797 Sveciae‚
1532 4718 1857 4795 Norvegioe
1905 4722 1966 4778 et
2006 4716 2268 4798 Scaniae,
2316 4717 2395 4779 ob
2444 4720 2772 4781 instantias
2822 4722 3031 4781 uxoris
3080 4737 3209 4781 suae
3258 4719 3481 4780 civium

187 4818 238 4877 in
291 4820 556 4903 Kampen
629 4821 989 4883 excessibus
1055 4838 1222 4883 auno
1291 4823 1601 4899 praeterito
1671 4823 1732 4881 in
1805 4819 2104 4882 nundinis
2173 4822 2236 4880 in
2306 4821 2544 4881 Skaner
2610 4822 2969 4883 commissis
3037 4823 3327 4899 ignoscit.
3404 4856 3480 4866 ——

191 4918 483 5007 Bawoema,
523 4922 688 4987 feria
727 4926 918 4985 tercia
965 4924 1244 5003 proxima
1287 4930 1430 4985 ante
1475 4924 1704 4985 festum
1751 4923 1811 4983 b.
1859 4923 2110 5008 Martini
2157 4924 2440 5003 episcopi
2489 4929 2551 4985 et
2596 4924 3004 4985 confessoris.

761 5024 1095 5090 Dlplomatar.
1133 5026 1352 5089 Norveg.
1393 5025 1450 5075 V.
1487 5026 1570 5079 95.
1655 5024 1904 5089 Rydberg.
1946 5026 2167 5088 Sverges
2195 5026 2464 5075 Traktater
2498 5024 2535 5076 1.
2574 5024 2827 5079 558—59.
2898 5024 3013 5076 Udt.
3053 5029 3069 5077 i
3107 5026 3342 5088 Reglster
3378 5038 3481 5075 van

761 5110 1008 5167 chartei-s
1046 5126 1110 5165 cn
1151 5110 1470 5163 Bescheiden
1509 5113 1563 5162 ln
1601 5112 1692 5163 het
1727 5108 1864 5163 oude
1899 5110 2112 5161 Archiet'
2144 5124 2191 5162 v.
2230 5111 2462 5175 Kampen
2500 5110 2536 5161 l.
2574 5111 2657 5165 23.

3602 528 3783 594 1335.

3542 631 3591 685 4.
3632 632 3839 697 Aprilis.

3543 1145 3625 1199 20.
3665 1145 3873 1209 Aprllls.

3545 1367 3591 1419 1.
3630 1368 3763 1428 Mali.

3543 1555 3628 1609 29.
3666 1556 3824 1605 sunu.

3540 1966 3624 2021 30.
3663 1967 3803 2017 Julii.

3549 2583 3683 2633 Ante
3695 2583 3775 2635 10.
3791 2582 3922 2646 Aug.

3549 3200 3629 3253 10.
3668 3203 3908 3264 Augusti.

3553 3715 3633 3768 15.
3672 3716 3911 3779 Augusti.

3550 4225 3633 4280 28.
3673 4228 3877 4290 Septbr.

3553 4741 3598 4793 7.
3640 4742 3827 4792 Novbr.
