4275 5759
428 511 617 577 1302.

306 614 457 679 som.
478 613 667 666 nuni.

360 1144 443 1200 30.
480 1145 665 1195 Hartll.

337 1556 419 1610 11.
456 1556 667 1620 Aprilis.

342 1967 423 2020 11.
462 1965 673 2030 Aptius.

452 2478 500 2531 6.
538 2479 674 2540 nan.

421 2889 503 2944 15.
540 2889 676 2950 nau.

429 3196 477 3250 9.
515 3196 677 3248 Junll.
780 3199 787 3206 ’

404 3795 486 3849 12.
523 3796 685 3847 lunii.

408 4206 487 4260 14.
525 4207 686 4257 sunu.
798 4245 803 4252 .

408 4599 491 4652 29.
527 4599 688 4649 Junll.

750 343 894 418 132
1991 332 2212 408 Kosa
2263 331 2456 406 Eam
2511 330 2846 406 Memn.

1089 610 1263 677 *813.
1354 611 1690 674 Boonsmus
1738 611 1862 672 dux
1908 609 2230 670 slavorum
2277 615 2339 669 et
2385 607 2708 670 cassubiae
2757 606 3050 670 omnibus
3101 607 3574 688 mercatoribus,
3625 611 3890 671 maxime
3935 610 4088 671 viris

740 716 995 795 Suecis,
1056 714 1309 776 Danicis
1355 720 1418 777 et
1460 713 1873 790 NormanniS,
1936 711 2201 775 liberum
2248 710 2629 773 conductum
2677 711 3086 773 mercimonia
3125 713 3191 771 in
3237 712 3516 774 civitates
3575 729 3725 774 suas
3769 712 4092 789 wollgast

740 825 802 881 et
834 818 1118 896 Tanglim
1164 816 1514 879 deducendi
1562 823 1623 878 et
1666 815 1752 876 ibi
1798 813 2104 878 vendendi
2151 812 2460 876 concedit.
2501 845 2586 858 -—
2627 814 2910 888 mmmm,
2961 813 3115 875 xlx.
3157 815 3290 890 (sic)
3337 813 3580 876 kalend.
3631 815 3884 895 Aprilis,
3931 815 4091 877 feria

740 927 914 984 sexta
957 926 1099 983 ante
1146 920 1401 981 Laetare.
2605 955 2608 960 -

1358 1021 1605 1078 Danaen,
1644 1018 2017 1080 Pommersche
2057 1017 2351 1070 Bibliothek
2385 1017 2441 1068 V.
2479 1017 2598 1072 222.

1087 1141 1263 1207 *814.
1355 1141 1660 1205 Bostram:
1706 1138 1935 1215 (Vlllvl)
1982 1155 2158 1218 papie
2204 1137 2446 1218 litterae,
2497 1137 2724 1216 quibus
2771 1139 3120 1201 lohannem
3168 1135 3482 1217 qnondam
3530 1139 4086 1220 archiepiscopum

737 1244 1136 1308 Lundensem
1194 1243 1271 1306 ab
1330 1243 1547 1305 eadem
1616 1242 1889 1303 ecclesia
1942 1240 2298 1303 absolutum
2329 1239 2620 1318 -Rigensi
2688 1241 2972 1303 ecclesiae
3041 1241 3303 1320 praeficit
3367 1241 3940 1322 archiepiscopum.
4001 1277 4090 1289 --

738 1347 1040 1424 Laterani,
1094 1346 1195 1409 111.
1242 1346 1362 1408 kal.
1412 1344 1661 1425 Aprilis,
1710 1342 1931 1423 pontif.
1978 1359 2145 1405 anno
2195 1349 2436 1406 octavo.

1354 1447 1583 1499 Annaler
1618 1447 1700 1498 for
1736 1445 1885 1497 nord.
1926 1444 2321 1510 Oldkyndlghed
2361 1445 2497 1500 1860
2532 1446 2584 1498 S.
2623 1443 2875 1499 158—59.

1089 1549 1263 1617 *815.
1358 1551 1660 1614 Bomncn
1706 1548 1937 1624 (vmvt,
1993 1565 2171 1629 papae
2229 1549 2481 1628 litterae,
2541 1549 2771 1628 quihus
2819 1549 3102 1610 isarnum
3160 1547 3471 1626 quondam
3531 1551 4090 1630 archiepiscopum

740 1657 1081 1734 Rigensem
1127 1655 1204 1717 ab
1254 1655 1472 1716 eadem
1520 1652 1791 1716 ecclesia
1834 1651 2099 1715 absolvit
2144 1657 2206 1713 et
2252 1669 2391 1713 eum
2441 1653 2988 1732 archiepiscopum
3025 1650 3422 1714 Lundensem
3473 1652 3739 1715 electum
3787 1653 4096 1714 transfert

742 1758 815 1820 ad
866 1759 1198 1820 ecclesiam
1243 1755 1666 1819 Lundensem.
1718 1789 1797 1800 —
1847 1754 2148 1829 Laterani,
2201 1754 2302 1815 ln.
2351 1753 2493 1817 idus
2539 1755 2790 1835 Aprilis,
2838 1755 3060 1834 pontif.
3109 1771 3274 1817 anno
3321 1760 3562 1816 octavo.

1361 1858 1591 1910 Annaler
1629 1858 1708 1909 lor
1746 1856 1893 1908 nord.
1933 1855 2330 1921 Oldkyndlghed
2366 1855 2502 1910 1860
2537 1857 2590 1908 8.
2627 1855 2881 1910 159-61.

1094 1963 1269 2028 *816.
1361 1961 1718 2025 Bustricius
1788 1958 2063 2030 (vmvus)
2146 1976 2308 2039 papa
2373 1959 2662 2038 Ericum,
2742 1976 2954 2038 regem
3020 1960 3261 2038 Daciae,
3342 1959 3671 2021 certiorem
3750 1960 3932 2037 facit,
4021 1979 4095 2023 se

743 2068 1125 2146 iohannem,
1174 2064 1719 2144 archiepiscopum
1768 2062 2201 2140 Lundensem,
2263 2079 2300 2122 a
2344 2062 2625 2142 vinculo,
2688 2080 2813 2142 quo
2860 2062 3144 2124 ecclesiae
3190 2060 3510 2124 Lundensi
3559 2063 3852 2124 astrictus
3902 2069 4096 2124 tene-

741 2171 955 2248 batur,
1014 2168 1360 2231 absolvisse
1419 2171 1481 2228 et
1536 2165 1853 2243 isarnum,
1912 2164 2458 2244 archiepiscopum
2507 2164 2883 2245 Rigensem‚
2941 2166 3006 2226 in
3063 2167 3202 2244 eJus
3261 2165 3470 2227 locum
3529 2165 3949 2227 transtulisse.
4017 2201 4094 2210 —-

744 2273 1042 2348 Laterani,
1100 2272 1201 2333 ΙΙΙ.
1250 2270 1390 2332 idus
1441 2268 1687 2348 Aprilis,
1738 2251 2135 2346 pontificatus
2183 2270 2383 2330 nostri
2428 2283 2593 2329 anno
2641 2273 2882 2330 octavo.

1358 2373 1431 2436 Ny
1465 2370 1738 2422 kirkehlst.
1780 2368 2077 2433 Samlinger
2110 2368 2194 2419 Ill.
2231 2367 2348 2423 408.

1093 2475 1269 2541 *8st
1361 2475 1606 2536 Litterae
1655 2489 1951 2536 consutus
1992 2479 2055 2533 et
2085 2488 2525 2536 υκινιιιειτᾼτιε
2563 2489 2848 2535 euvinus
2883 2473 3316 2535 Exsuuvonns
3362 2473 3438 2534 ad
3475 2473 3774 2535 consules
3819 2474 4100 2534 civitatis

745 2580 1139 2658 Lubicencis,
1189 2577 1415 2657 quibus
1462 2580 1909 2655 protestantur,
1957 2591 2198 2654 navem,
2249 2592 2431 2653 quam
2471 2574 2742 2639 Eskillus
2789 2592 3013 2655 parvus
3052 2575 3204 2636 civis
3241 2575 3810 2638 Ekerenvordensis
3849 2577 4100 2638 amise-

745 2687 845 2763 rit,
892 2699 1034 2745 vere
1082 2684 1217 2761 ejus
1266 2697 1435 2742 esse.
1492 2715 1561 2722 —
1611 2677 1915 2739 iohannis
1963 2684 2104 2739 ante
2151 2683 2394 2758 portam
2443 2679 2744 2740 Latinam.

1360 2780 1697 2833 Urkundenb.
1736 2779 1784 2830 d.
1825 2779 1975 2832 stadt
2009 2779 2224 2831 Lubet-k
2259 2780 2340 2830 ΙΙΙ.
2379 2779 2461 2833 49.

1096 2885 1271 2952 *818.
1362 2885 1786 2948 Wunnmnus
1823 2883 1947 2945 dux
1970 2882 2146 2945 Jucie
2169 2883 2378 2960 Petro,
2417 2881 2623 2943 abbati
2660 2883 3025 2944 monasterii
3061 2885 3264 2945 sancti
3287 2883 3573 2946 Nicholai
3610 2885 3672 2946 in
3700 2881 4102 2958 niddensoe,

748 2993 959 3056 omnia
1000 2990 1168 3053 hona
1212 2991 1275 3050 in
1324 2988 1467 3050 villa
1513 2987 1697 3049 Leste
1744 3003 1889 3050 oum
1936 3001 2061 3048 una
2104 2985 2266 3046 haka
2310 2987 2371 3046 in
2418 2982 2654 3046 Renciz
2699 2985 2930 3047 vendit.
2983 3019 3058 3031 -
3105 2985 3278 3047 Ydus
3323 2985 3492 3066 Maji.

1364 3091 1650 3148 Fabricius,
1687 3087 1922 3140 Urkund.
1958 3103 2001 3138 z.
2042 3086 2231 3138 Gesch.
2269 3086 2482 3151 Rfigens
2520 3086 2604 3146 111,
2641 3087 2690 3140 2.
2731 3088 2783 3137 S.
2823 3086 2938 3141 123.

1098 3195 1272 3260 *819.
1366 3193 1706 3272 wlstanus,
1753 3193 2050 3271 princeps
2096 3189 2524 3269 Ruyanorum,
2572 3207 2690 3253 nec
2735 3207 2864 3254 non
2909 3189 3229 3253 Wizmums
3276 3197 3337 3252 et
3381 3191 3721 3271 ΖΑιιΒοκυε,
3767 3190 3878 3252 filii
3926 3194 4103 3272 ejus,

748 3300 823 3361 ad
895 3301 1254 3378 petitionem
1314 3298 1685 3359 Wuommm
1755 3294 1933 3356 ducis
1990 3293 2166 3355 Jucie
2235 3298 2297 3355 et
2353 3293 2519 3355 Eruci
2586 3293 2821 3354 domini
2879 3293 3257 3371 Langlandie
3319 3294 3652 3356 conventui
3721 3293 4106 3356 monasterii

752 3403 952 3464 sancti
1000 3401 1255 3480 Nycolai
1305 3400 1367 3458 in
1414 3397 1746 3476 Hyddense
1794 3396 2041 3475 plenam
2087 3398 2529 3477 proprietatem
2578 3397 2857 3456 omnium
2901 3395 3210 3458 bonorum
3255 3395 3332 3458 ad
3377 3396 3578 3458 villam
3625 3395 3896 3458 Leesten
3943 3414 4106 3476 per-

752 3504 1077 3565 tinentium
1104 3502 1359 3563 donant.
1442 3501 1609 3562 inter
1632 3505 1827 3561 testes
1852 3505 2000 3561 sunt
2027 3499 2305 3579 praedicti
2334 3498 2763 3561 waldemarus
2793 3505 2855 3559 et
2876 3498 3118 3560 Ericus.
3150 3532 3228 3542 —
3253 3499 3322 3560 ln
3349 3499 3628 3577 profesto
3651 3498 4104 3561 Pentecostes.

1371 3603 1665 3660 Fabricius,
1711 3599 1931 3653 Urknnd
1988 3615 2031 3650 z.
2082 3600 2269 3652 Gesch.
2318 3600 2532 3665 Rfigens
2587 3601 2679 3660 ill,
2725 3601 2774 3654 2.
2824 3602 2875 3653 S.
2909 3600 3160 3656 123-24.
3254 3600 3459 3652 Brudst.
3510 3602 3529 3651 1
3573 3599 4108 3665 Heuenburglsches

1368 3687 1705 3738 Urkundenb.
1744 3686 1800 3736 V.
1838 3687 1919 3739 65.

1104 3790 1281 3855 *820.
1372 3791 1590 3852 Elusus
1638 3789 1953 3851 Danorum
1994 3787 2437 3866 slavorumque
2483 3806 2611 3867 rex,
2659 3789 2780 3851 dux
2814 3790 3113 3863 Estoniae,
3159 3788 3398 3851 civibus
3437 3787 4112 3866 Wesenbergensibus

757 3894 1008 3958 easdem
1056 3894 1374 3956 libertates
1420 3911 1493 3955 ac
1531 3895 1706 3972 jura,
1767 3891 1992 3968 quibus
2052 3892 2219 3953 cives
2265 3891 2669 3953 Revalienses
2727 3898 3016 3972 utuntur,
3075 3890 3386 3954 concedit.
3451 3927 3526 3937 —
3584 3889 3851 3968 Wibom,
3917 3895 4116 3954 tertia

756 3999 911 4061 feria
955 3999 1017 4058 in
1064 3999 1413 4078 septimana
1456 3995 1885 4057 Pentecostes.

1374 4099 1571 4162 Bunge,
1609 4096 1765 4156 le.-,
1806 4097 1983 4148 Esth.-
2020 4111 2073 4146 u.
2112 4096 2525 4148 Curiandtsches
2561 4096 2899 4149 Urkundenb.
2935 4097 2994 4148 u.
3031 4096 3184 4151 2—3.

1108 4201 1284 4266 ¹821.
1374 4201 1697 4263 VALDBMAR
1744 4203 1902 4278 (sic),
1966 4201 2180 4278 Konge
2231 4201 2298 4262 af
2337 4200 2670 4274 Danmark‚
2727 4201 3074 4262 stadfaester
3119 4201 3206 4262 St.
3255 4200 3580 4264 Michaelis
3627 4199 4112 4264 Nonnekloster

759 4307 776 4367 i
824 4303 1016 4367 Reval
1061 4307 1080 4365 i
1129 4305 1351 4366 Retten
1400 4302 1466 4364 til
1513 4303 1649 4364 dets
1696 4303 2112 4365 Besiddelser.
2167 4337 2238 4346 ——-
2289 4305 2555 4380 Nyburq,
2607 4303 2824 4381 quinta
2869 4304 3020 4365 feria
3063 4303 3492 4364 Pentecostes.

1376 4407 1574 4468 Bungo,
1604 4405 1763 4465 le.-‚
1795 4404 1970 4456 Esth.-
2002 4419 2053 4456 u.
2090 4404 2504 4456 Curlimdlsches
2533 4405 2870 4457 Urknndenb.
2900 4405 2961 4465 11.
2994 4405 3118 4469 Reg.
3151 4404 3204 4456 S.
3233 4404 3268 4458 2
3299 4403 3451 4466 (livor
3481 4417 3640 4468 ogsaa
3667 4405 4113 4472 Bemaerktiinger

1376 4504 1464 4542 om
1500 4490 1711 4544 Brevets
1746 4491 2037 4554 Uaegthed›.

1110 4595 1286 4660 *822
1376 4595 1674 4658 sztws
1730 4611 1848 4656 nec
1905 4611 2035 4656 non
2092 4594 2388 4656 szmus
2447 4597 2508 4655 et
2565 4593 2831 4670 Samson,
2893 4594 3001 4656 filii
3057 4597 3228 4674 ejus,
3286 4593 3603 4673 principes
3661 4592 4112 4676 Ruyanorum,

761 4699 839 4762 ad
887 4699 1249 4780 petitionem
1298 4698 1693 4776 Wawnmm,
1753 4695 1932 4758 ducis
1977 4696 2176 4775 lucie,
2229 4701 2288 4757 et
2336 4696 2526 4775 Eruci,
2575 4696 2808 4759 domini
2851 4696 3255 4777 Langlandie,
3315 4697 3648 4760 conventui
3693 4697 3769 4759 de
3817 4697 4111 4761 Bidense

762 4801 1204 4880 proprietatem
1254 4800 1405 4861 villae
1455 4805 1516 4861 et
1556 4803 1833 4862 omnium
1880 4798 2212 4878 bonorum,
2263 4815 2398 4876 quoe
2433 4805 2736 4864 vocantur
2769 4799 3019 4878 heisten,
3069 4816 3210 4862 cum
3251 4815 3378 4863 uno
3425 4800 3626 4862 haken
3674 4802 3736 4862 in
3771 4799 4112 4865 Rentzitze

763 4903 1017 4966 donant.
1113 4903 1277 4964 inter
1315 4909 1507 4964 testes
1546 4907 1694 4964 sunt
1727 4901 2004 4983 praedicti
2042 4901 2476 4967 waldemarus
2513 4907 2576 4964 et
2608 4903 2849 4966 Ericus.
2893 4937 2967 4946 —
3004 4903 3247 4979 Sandis,
3299 4900 3397 4964 die
3435 4909 3794 4965 sanctorum
3830 4913 4110 4983 aposto-

762 5006 965 5068 lorum
1011 5005 1175 5067 Petri
1219 5011 1281 5069 et
1329 5005 1517 5067 Pauli.

1381 5107 1669 5166 Fabricius,
1706 5105 1939 5158 Urkund.
1979 5121 2021 5157 ι.
2059 5107 2246 5159 Gesch.
2287 5107 2498 5172 Russus
2533 5107 2618 5167 m,
2655 5107 2705 5160 2.
2742 5107 2794 5159 8.
2831 5107 3085 5161 124-25,
