4275 5759
421 510 605 579 1350.

374 613 459 668 27.
495 615 656 667 Jnnu.

284 1143 367 1197 11.
390 1158 435 1194 v.
457 1141 539 1197 18.
550 1143 690 1195 lulli.

286 1467 369 1521 11.
389 1483 435 1520 v.
458 1468 692 1522 lasum.

398 1896 479 1951 19.
517 1897 659 1948 Julll.

332 2528 417 2583 16.
452 2526 659 2593 septbr.

331 3159 417 3214 21.
456 3160 659 3225 Septbr.

331 3687 417 3741 26.
455 3688 659 3752 septbr.

328 4218 410 4273 13.
448 4218 657 4269 octobr.

330 4846 414 4901 15.
450 4845 661 4898 Octobr.

328 4946 413 5003 23.
451 4946 660 5001 Octobr.

735 344 883 421 292
1701 324 1707 329 ’
1842 338 2062 416 Kone
2117 341 2516 417 VALDEMAR
2572 343 2969 418 Arrsnmo.

1034 614 1254 681 *2085.
1346 617 1791 695 WALnsuAnus,
1829 617 2148 681 Danorum
2185 618 2678 696 Sclauorumque
2712 635 2840 697 rex,
2884 617 3177 697 declarat,
3217 618 3384 697 quod
3420 619 3712 685 dominns
3749 619 4070 683 lohannes

728 719 1069 796 Jacobson,
1117 721 1463 781 canonicus
1498 719 1881 797 Arusiensis,
1929 721 2312 783 constitutus
2348 722 2410 780 in
2449 722 2678 799 placito
2725 738 2843 783 suo
2880 721 3241 800 justitiario,
3289 721 3544 785 domino
3579 722 3850 797 ‹lohanni
3887 720 4068 799 Krak,

731 822 1036 883 canonico
1085 820 1520 898 Roskildensi,
1581 838 1655 883 ex
1710 828 1884 899 parte
1944 822 2194 884 labricae
2252 823 2536 885 ecclesiae
2596 824 2850 899 virginis
2905 823 3198 899 gloriosae
3256 822 3447 885 Mario
3499 824 3752 901 Halnis,
3806 822 4068 886 fundiun

732 941 913 985 suum
942 925 1204 986 scotavit
1230 929 1291 985 et
1316 924 1559 999 legavit.
1598 956 1677 967 —
1714 924 2033 1003 ΒοεΙείΙάίε,
2074 924 2388 987 dominica
2419 940 2592 1003 prox.
2621 930 2768 1004 post
2801 925 2964 987 diem
3001 926 3334 989 nativitatis
3355 924 3418 987 b.
3445 926 3753 987 Johannis
3777 924 4066 1005 baptiste.

1343 1024 1589 1084 Ilerdam,
1630 1026 1998 1086 lljebenhavns
2036 1027 2219 1079 Kirker
2255 1040 2319 1091 og
2355 1027 2609 1087 Klostere,
2647 1027 2762 1079 Ttll.
2801 1029 2853 1078 S.
2881 1026 3100 1083 13—14.

1038 1143 1257 1209 *2086.
1351 1145 1722 1206 consultum
1770 1162 1959 1207 civium
2008 1142 2532 1224 Wismi'unssiun,
2595 1147 2658 1207 in
2717 1164 2873 1225 quo:
2945 1146 3130 1225 qnod·
3169 1147 3380 1209 nullus
3425 1148 3691 1227 accipiat
3747 1145 3948 1208 bodas
4009 1148 4070 1207 in

732 1248 959 1313 Skania
1002 1252 1145 1309 ante
1193 1246 1430 1309 Jacobi.
1476 1282 1563 1293 —-
1611 1247 1939 1310 Dominico
1988 1248 2085 1311 die
2133 1257 2276 1311 ante
2323 1249 2691 1325 margarete.

1348 1349 1864 1413 Heklenburgiscbes
1900 1350 2241 1403 urkundenb.
2280 1350 2339 1401 x.
2376 1349 2492 1405 405.

1036 1466 1256 1535 *2087.
1345 1468 1676 1541 Masonitai)
1717 1469 1997 1549 Gntlsinc,
2048 1469 2301 1548 Ridder,
2349 1470 2608 1548 tilstaar,
2650 1476 2714 1531 at
2747 1471 3059 1532 Greverne
3095 1469 3328 1532 Henrik
3363 1486 3448 1546 og
3485 1428 3672 1533 Clans
3707 1470 3775 1532 af
3803 1470 4068 1535 Bolsteu

730 1572 883 1633 bave
930 1571 1163 1633 indlost
1208 1572 1301 1632 fra
1344 1572 1487 1632 ham
1535 1571 1832 1651 Taamet,
1894 1571 2174 1651 Borgen,
2235 1572 2462 1633 Staden
2511 1588 2593 1649 og
2640 1572 2935 1650 Fogediet
2979 1570 3457 1635 Rendesbnrcb.
3507 1606 3587 1617 —·
3633 1572 4068 1649 &adesam-cli,

732 1673 1093 1751 sondeghes
1138 1690 1247 1737 vor
1293 1680 1477 1735 sunte
1522 1673 1922 1750 Margretben
1969 1673 2192 1751 daghe.
3687 1673 4071 1755 (Plattydsk.)

1344 1775 1645 1836 Mlcbelsen,
1684 1774 2180 1827 Urkundensamml.
2220 1776 2282 1827 ΙΙ.
2321 1775 2438 1830 126.

1036 1894 1256 1960 *2088.
1350 1894 1581 1958 ΚΑιιοιι
1650 1895 2076 1957 Romanorum
2145 1900 2207 1957 et
2265 1895 2520 1957 Boemie
2589 1896 2753 1973 regis
2820 1894 2896 1956 ad
2966 1896 3271 1957 civitatem
3339 1895 3755 1957 Lubicensem
3827 1896 4070 1975 litterae,

733 1998 959 2077 quibus
1006 1998 1064 2059 ei
1108 2004 1417 2077 praecepta
1468 1997 1569 2058 dat
1616 1996 1689 2058 de
1739 1999 2051 2059 solutione
2087 2015 2321 2060 census
2368 1999 2442 2059 ad
2483 1998 2858 2077 Ludwicum,
2905 1998 3332 2059 marchionem
3373 1996 4070 2075 Brandenburgensem,

732 2107 793 2162 et
836 2102 1263 2180 Wonnmnun,
1312 2117 1522 2177 regem
1574 2099 1793 2177 Dacie3
1855 2102 1905 2160 si
1960 2116 2067 2161 rex
2111 2100 2472 2177 homagium
2521 2100 2839 2179 postulare
2887 2101 3378 2178 praesumpserit,
3439 2100 3768 2178 interdicit,
3819 2117 3896 2161 ne
3949 2102 4070 2161 boc

729 2203 935 2265 faciat.
974 2236 1053 2247 --
1088 2202 1311 2280 Praqe,
1358 2201 1700 2263 indictione
1748 2204 1959 2279 tercia,
2013 2220 2348 2281 regnorum
2395 2209 2756 2265 nostrorum
2806 2200 3069 2265 Romani
3115 2217 3283 2263 anno
3331 2204 3572 2282 quinto,
3623 2201 3874 2263 Boemie
3923 2219 4070 2264 vero

733 2311 974 2386 quarto,
1021 2304 1205 2366 xlm.
1256 2304 1375 2366 kal.
1424 2305 1709 2380 Augusti.

1342 2405 1683 2457 urkundenb.
1721 2406 1769 2456 d.
1810 2406 1960 2456 Stadt
1994 2406 2209 2458 Lfibeck
2242 2406 2301 2457 ll.
2339 2406 2594 2461 896—97.

1040 2524 1259 2591 *208st
1350 2525 1585 2605 Biskop
1630 2525 1830 2587 Pansa
1875 2528 1894 2586 i
1942 2525 2097 2587 Ribe
2144 2525 2393 2587 befaler-
2421 2525 2768 2589 Praesterne
2814 2526 2930 2587 ved
2975 2525 3310 2587 Holstebro
3367 2542 3450 2601 og
3499 2525 3802 2607 Maethorp
3851 2526 4074 2591 Kirkei-

730 2635 925 2695 naeste
973 2628 1299 2707 Thingdag
1345 2643 1463 2706 paa
1506 2627 1753 2689 Hardbo
1802 2628 2192 2705 Bygdething
2238 2636 2300 2689 at
2357 2630 2644 2705 erklaere,
2703 2634 2765 2689 at
2824 2629 3022 2705 Esger
3065 2627 3488 2707 Kristjernsen
3541 2644 3608 2689 er
3665 2628 3956 2709 bandlyst
4011 2630 4080 2695 as

729 2732 1112 2811 Biskoppen,
1159 2731 1320 2792 fordi
1368 2732 1491 2792 han
1531 2732 1583 2808 ej
1628 2730 1739 2790 bar
1773 2731 1940 2791 villet
1973 2732 2109 2807 give
2151 2729 2538 2791 Kannikerne
2577 2733 2595 2790 i
2635 2730 2789 2792 Ribe
2828 2731 3186 2806 Erstatning
3233 2732 3332 2791 for
3375 2730 3480 2791 det
3515 2730 3706 2811 Korn,
3755 2730 3940 2809 Ιίνιιις
3989 2750 4072 2809 og

730 2834 975 2912 Penge,
1036 2834 1159 2895 ban
1218 2834 1330 2894 bar
1384 2834 1646 2910 frataget
1701 2832 1882 2893 detes
1942 2832 2205 2911 Tjenere
2264 2834 2280 2893 i
2331 2832 2519 2897 Stadii
2577 2850 2658 2909 og
2705 2834 2795 2896 He
2843 2833 3074 2910 Segne.
3123 2864 3202 2879 -—
3249 2831 3532 2909 Torsdag
3591 2833 3746 2893 efter
3805 2832 4072 2896 Korsets

732 2937 1101 3017 Ophi-teme·
1343 3036 1530 3097 Klncb,
1569 2990 1699 3088 niba
1734 3038 1832 3101 Bys
1868 3036 1997 3087 nist.
2034 3035 2191 3086 lndtll
2227 3036 2453 3088 Reform.
2494 3037 2546 3088 S.
2575 3036 2867 3097 205—206‚
2901 3036 3022 3099 ΠΗ·
3059 3036 3112 3089 S·
3141 3036 3262 3091 562·

1037 3156 1256 3222 *2090.
1347 3155 1650 3220 Ioannes
1699 3172 1915 3219 comes
1964 3156 2264 3218 Holtzatie
2311 3164 2370 3217 et
2419 3156 2750 3219 Stormarie
2809 3174 3058 3219 necnon
3106 3156 3379 3218 Aoocrus
3436 3156 3842 3237 domicellus,
3901 3158 4068 3219 fliius

733 3263 902 3339 ejuS,
982 3259 1411 3322 'l'bidemanno
1493 3258 1568 3321 de
1628 3259 2057 3338 Warendorpe
2126 3264 2188 3319 et
2255 3260 2524 3320 Johanni
2592 3258 3062 3337 Plessekowen‚
3143 3259 3514 3320 consulibus
3584 3258 4067 3337 Lubicensibus,

731 3361 1009 3425 redditus
1054 3378 1276 3423 novem
1323 3378 1671 3423 marcarum
1720 3363 2115 3423 denariorum
2163 3362 2226 3421 in
2272 3361 2414 3423 villa
2456 3362 2990 3441 Brammerstorpe
3037 3362 3099 3422 in
3145 3366 3310 3422 terra
3353 3361 3602 3423 Ymbrie
3650 3361 3946 3424 vendunt.
3995 3398 4062 3407 -—

730 3464 941 3544 Peene,
988 3466 1050 3525 in
1100 3463 1199 3526 die
1244 3464 1305 3525 b.
1352 3463 1586 3526 Mathai
1633 3464 1903 3543 apostoli
1950 3479 2185 3540 ewang.

1343 3565 1681 3616 urkundenb.
1721 3564 1770 3615 d.
1809 3564 1959 3616 Stndt
1993 3564 2207 3616 Liibeck
2240 3564 2299 3616 11.
2337 3564 2624 3619 903—904.

1036 3684 1254 3749 *2091.
1348 3684 1657 3747 Consonus
1706 3690 1767 3746 et
1811 3702 2034 3747 vinnam
2083 3686 2146 3745 in
2194 3684 2543 3748 Mammam
2591 3684 2958 3747 consulibus
3015 3686 3081 3745 in
3129 3682 3370 3746 Rostok
3429 3684 3818 3763 significant,
3877 3684 4067 3746 Lam-

729 3789 973 3851 bertum
1041 3789 1234 3866 Larae,
1302 3786 1727 3850 Hermannum
1794 3786 1960 3847 Larae
2032 3793 2092 3849 et
2152 3786 2500 3849 lobannem
2567 3787 2737 3849 Larae
2807 3788 3152 3849 confratres
3222 3788 3432 3848 omnia
3499 3786 3663 3849 bona
3728 3788 3884 3865 ipsis
3953 3805 4070 3867 per

728 3899 993 3954 mortem
1037 3890 1367 3953 Tidechini
1408 3889 1672 3967 Haelling
1721 3894 1863 3969 jure
1909 3890 2284 3951 hereditario
2341 3891 2666 3951 attinentia
2709 3890 3025 3951 Henricho
3074 3888 3324 3950 Chamae
3383 3896 3443 3951 et
3489 3888 3806 3951 Henricbo
3851 3888 4066 3951 Pienae

729 3994 1105 4056 vendidisse.
1161 4030 1233 4037 —
1284 3993 1614 4054 Dominica
1657 4000 1798 4054 ante
1846 3992 2190 4055 Michaelis.

1345 4094 1859 4159 bleklenbnrglsches
1893 4093 2234 4146 Urkundenb.
2272 4094 2330 4144 X.
2371 4092 2626 4147 423—24.

1036 4212 1254 4281 *2092
1347 4214 1653 4277 Essemus
1680 4214 2017 4294 Nisaeos,
2044 4214 2383 4276 advocatus
2409 4215 2471 4274 in
2495 4214 2886 4293 Malmegbae,
2925 4212 3267 4277 Nicnomus
3296 4215 3489 4277 Anni·
3518 4222 3576 4277 et
3601 4214 3830 4279 Paraus
3857 4216 4070 4281 dictus

728 4318 949 4396 Bauun,
998 4318 1317 4394 consules,
1366 4316 1709 4380 Nicuomus
1756 4317 2065 4381 vicenos
2104 4323 2167 4378 et
2201 4316 2397 4381 Hinzae
2433 4316 2672 4395 Locus,
2723 4317 2929 4378 villani
2962 4316 3211 4396 ibidem,
3251 4316 3628 4396 significant,
3666 4318 4067 4381 Lambertum

730 4420 964 4483 dictum
1008 4419 1204 4498 Larae,
1249 4420 1675 4483 Hermannum
1723 4419 1889 4480 Larae
1937 4425 2001 4481 et
2042 4419 2392 4481 Johannem
2441 4418 2608 4481 Larae
2657 4420 3003 4481 confratres
3051 4420 3367 4483 Henricho
3413 4418 3490 4480 de
3537 4419 3745 4481 Plenae
3793 4427 3854 4483 et
3897 4419 4068 4483 Hin-

729 4523 906 4583 richo
953 4521 1029 4583 de
1078 4521 1327 4582 Cbamoe
1374 4522 1778 4583 hereditatem
1827 4538 2075 4583 omnem
2123 4524 2298 4600 ipsos
2337 4525 2478 4599 jure
2523 4522 2898 4584 hereditario
2957 4523 3021 4582 in
3067 4522 3308 4587 Rostok
3368 4540 3440 4584 ex
3491 4530 3665 4601 parte
3723 4522 4066 4586 liberorum

728 4624 1057 4689 Tidecbini
1102 4625 1249 4686 dicti
1295 4624 1541 4701 nelling
1586 4630 1943 4702 tangentem
1993 4625 2356 4686 scotavisse.
2407 4658 2487 4671 --
2535 4625 2770 4701 Quarta
2811 4626 2963 4689 feria
3006 4642 3182 4705 prox.
3230 4631 3380 4705 post
3420 4625 3650 4689 festum
3697 4624 3990 4688 Dionisii.

1347 4725 1858 4809 Ueklenburglsches
1893 4726 2235 4778 Urkundenb.
2272 4726 2332 4777 X.
2369 4724 2485 4779 429.

1064 4844 1257 4911 2343,
1350 4844 1860 4909 Meklenbnrgiscbes
1899 4845 2237 4907 Urkundenb.
2273 4844 2333 4897 X.
2369 4844 2489 4899 430.

1064 4946 1254 5013 2344,
1346 4946 1863 5010 fleklenbnrglsches
1902 4947 2238 5000 Urkundenb.
2273 4948 2333 4999 X.
2371 4946 2610 5002 431-38
2645 4948 2831 5013 (bande
2865 4948 3159 5012 Hertngenn
3197 4962 3260 5012 og
3289 4950 3542 5012 'Kongens
3572 4948 3740 5013 Brev).
3810 4948 3933 5000 Udt.
3969 4964 4070 5015 pn

1348 5032 1585 5084 Dansk.l
1629 5030 1901 5092 Hvitleldt‚
1950 5034 2133 5085 Danm.
2181 5034 2334 5099 nges
2377 5036 2535 5086 [ren.
2582 5036 2634 5085 S.
2671 5034 2946 5089 soa-504
2991 5034 3293 5099 (Kvnrtudg.
3341 5033 3422 5085 111.
3466 5033 3762 5100 503—504)
3809 5034 3934 5085 med
3981 5036 4071 5090 det

1346 5118 1607 5183 fellagtlge
1643 5117 1856 5169 Datum:
1904 5118 2136 5171 Stmonls
2175 5122 2216 5169 δι
2249 5120 2412 5171 Jndae.
2756 5134 2762 5145 ·
