4275 5759
1259 390 1476 463 Kone
1530 390 1926 467 VALDE'MAR
1986 398 2376 468 Arretinae.
3321 396 3469 467 265

3200 531 3469 539 ———

3596 560 3782 627 1343.

488 658 673 723 2241,
764 660 1013 719 Dumont‚
1051 662 1255 727 Corpus
1293 663 1558 728 dlplomat.
1600 664 1636 723 l,
1672 666 1723 718 2.
1762 666 1813 717 S.
1842 668 2096 722 222—23.
2177 668 2429 727 TorfaeuS,
2475 669 2602 719 llist.
2640 669 2855 731 Norveg.
2896 666 2976 717 IV.
3013 665 3266 720 467-70.
3337 664 3470 729 Dipl.
3544 667 3624 722 18.
3662 668 3846 719 Novbr.

768 746 1003 809 Sveoan„
1032 748 1112 801 ed.
1142 750 1197 800 B.
1215 749 1273 802 E.
1292 750 1611 803 Hildebrand
1638 752 1693 801 V.
1712 751 1967 807 214—18.
2032 754 2208 804 Dansk
2227 752 2406 805 overs.
2428 754 2444 803 i
2466 749 2651 812 Suhm,
2683 753 2812 804 Hist.
2831 752 2886 803 ai
2901 752 3084 803 Danm.
3104 750 3230 801 xiil.
3253 749 3472 804 73—75.

466 863 677 929 *1870
768 867 1115 930 Vironum!
1160 871 1327 945 regis
1362 871 1574 932 litterae
1615 870 1689 933 de
1725 890 1879 951 pace
1927 878 1989 935 et
2032 872 2371 935 concordia
2416 872 2565 933 inita
2601 887 2741 933 cum
2777 870 3027 949 Magno,
3077 872 3311 932 Suecioe
3351 876 3470 931 etc.
3542 872 3632 927 18.
3665 872 3852 923 Novbr.

212 980 344 1041 rege,
386 965 653 1043 ejusdem
698 972 1045 1043 argumenti
1092 988 1165 1033 ac
1213 972 1427 1033 litterae
1460 973 1671 1049 Magni
1716 976 1884 1051 regis
1924 975 2142 1038 eodem
2181 976 2278 1035 die
2314 974 2470 1036 datae
2510 974 2644 1051 (cfr.
2679 990 2775 1035 nr.
2813 972 3024 1048 2241).
3061 1002 3146 1017 --
3179 972 3252 1032 In
3285 980 3474 1033 castro

219 1064 525 1147 Vardberqh,
566 1071 633 1133 in
679 1077 895 1131 octava
936 1072 1001 1133 b.
1045 1072 1293 1135 Martini
1340 1076 1641 1156 episcopi.

768 1172 901 1238 Dipl.
939 1174 1175 1235 Svecan„
1213 1176 1293 1227 ed.
1330 1176 1385 1227 B.
1413 1177 1472 1228 E.
1498 1178 1817 1231 Hildebrand
1850 1177 1907 1229 V.
1943 1178 2199 1234 218-τ22,

464 1290 679 1355 *1871.
770 1292 1163 1358 Vitumnus
1220 1313 1323 1357 rex
1374 1300 1707 1377 promittit,
1768 1317 1837 1361 se
1893 1317 2098 1379 neque
2155 1299 2556 1361 Allemannos
2613 1316 2815 1376 neque
2861 1298 3017 1359 alios
3066 1314 3475 1376 quoscunque
3544 1300 3626 1355 18.
3664 1302 3884 1352 Novam

207 1397 386 1451 contra
435 1392 760 1475 Magnum,
830 1396 1059 1459 Sveciae
1130 1404 1248 1460 etc.
1312 1417 1555 1481 regem,
1624 1418 1899 1481 unquam
1965 1402 2393 1481 adjuvaturum
2451 1419 2612 1463 esse.
2673 1436 2752 1445 —
2821 1400 3269 1479 Vardebequis,
3340 1400 3474 1461 sine

204 1509 338 1555 anno
376 1502 433 1555 et
475 1496 590 1557 die.

770 1600 904 1667 Dipl.
940 1602 1177 1665 Svecan„
1214 1603 1295 1655 ed.
1333 1605 1387 1656 B.
1416 1604 1475 1656 E.
1503 1602 1821 1658 Hildebrand
1856 1606 1913 1657 V.
1956 1606 2210 1661 222—23.
2284 1606 2379 1659 Om
2408 1606 2570 1657 Tiden
2613 1605 2731 1667 Jvir.
2769 1603 3022 1670 Rydberg,
3059 1604 3280 1669 Sverges
3315 1604 3477 1655 Trak-

765 1691 900 1739 tater
935 1688 996 1739 11.
1033 1686 1150 1742 108.

490 1804 678 1869 2242,
769 1806 901 1873 Dlpl.
940 1808 1176 1869 Svecan„
1214 1810 1294 1861 ed.
1332 1812 1386 1861 B.
1414 1812 1473 1861 Ε.
1504 1810 1822 1865 Hildebrand
1860 1813 1913 1861 V.
1951 1810 2188 1865 228—31
2226 1810 2368 1876 (med
2405 1811 2599 1862 svensk
2627 1809 2846 1876 overs.).
2919 1810 3127 1861 Brudst.
3164 1813 3184 1859 l
3215 1808 3476 1869 Lundlus,
3544 1815 3627 1868 20.
3666 1816 3854 1866 Novbr.

768 1894 911 1945 Notae
940 1898 995 1951 ln
1025 1896 1201 1946 literas
1221 1898 1422 1960 Agapiti
1450 1895 1509 1947 11.
1533 1899 1583 1947 S.
1606 1896 1825 1960 40-41.
1893 1898 1991 1949 Om
2023 1900 2208 1949 Datum
2234 1897 2351 1958 jvrr.
2386 1896 2615 1980 Konung
2640 1896 2828 1947 Gustai
2843 1897 2908 1947 l.s
2938 1894 3263 1959 Registratur
3291 1895 3328 1946 Ι.
3357 1893 3473 1947 293.

464 2010 683 2077 *1872
774 2012 1037 2092 Ριτιιυε,
1103 2016 1619 2097 archiepiscopus
1684 2018 2072 2095 Lundensis,
2140 2024 2550 2099 protestatur,
2620 2017 3084 2095 valdemarum,
3158 2015 3474 2076 Danorum
3545 2020 3628 2073 20.
3669 2020 3854 2071 Novbr.

206 2126 398 2189 regem,
440 2112 693 2195 Magno,
742 2116 973 2177 Sveciae
1019 2125 1139 2179 etc.
1188 2121 1341 2199 regi,
1390 2126 1452 2182 et
1496 2119 1830 2183 heredibus
1878 2124 2013 2201 ejus
2057 2128 2254 2183 terras
2301 2121 2574 2199 Scaniae,
2620 2119 2989 2197 Ballandiae,
3033 2118 3370 2193 Blekingiae
3417 2125 3478 2179 et

202 2211 401 2275 Listria».
444 2224 505 2277 et
546 2218 815 2279 insulam
859 2219 1144 2283 Huethen
1195 2228 1477 2283 scotasse
1524 2230 1586 2285 et
1629 2224 1960 2286 alienasse.
2005 2258 2089 2268 —
2135 2223 2209 2284 In
2251 2224 2403 2284 villa
2446 2224 2686 2285 Gecakir
2727 2238 2912 2300 prope
2954 2227 3210 2281 castmm
3255 2220 3474 2280 Varda-

201 2312 340 2395 burq,
382 2320 589 2397 quinta
632 2322 786 2383 feria
828 2328 970 2385 ante
1018 2322 1249 2385 Cecilie
1294 2326 1571 2401 virginis.
3558 2388 3570 2403 ,

769 2424 901 2489 Dipl.
932 2428 1169 2485 Svecan.‚
1217 2426 1300 2477 ed.⁴
1336 2428 1389 2477 B.
1418 2427 1475 2479 E.
1504 2427 1821 2480 Hildebrand
1870 2430 1920 2480 V.
1966 2428 2220 2483 231.—32.
2301 2429 2476 2481 Andre
2512 2428 2783 2481 Aiskrliter
2823 2428 2947 2479 laese
2989 2426 3204 2477 nLucie·
3246 2428 3263 2475 i
3301 2425 3480 2477 Stedet

768 2509 848 2560 ior
892 2510 1163 2571 ·Cecme·‚
1201 2508 1462 2563 hvoreite'r
1497 2513 1685 2566 Datum
1723 2514 1861 2565 vilde
1895 2528 2032 2566 vaere
2070 2515 2149 2567 11.
2188 2515 2370 2567 Deebr.

202 2606 683 2685 '1873122364),
772 2613 903 2677 Dlpl.
941 2615 1185 2674 Svecan.‚
1232 2615 1311 2667 ed.
1359 2617 1414 2666 B.
1451 2616 1507 2667 E.
1545 2616 1865 2668 Hildehrand
1907 2618 1962 2669 V.
2007 2616 2247 2671 213—14
2293 2616 2445 2681 (citer
2489 2632 2554 2668 en
2602 2617 2838 2671 udateret
2872 2613 3126 2680 Atskrll't).
3206 2614 3414 2665 Brudst.
3460 2617 3477 2664 i
3546 2617 3628 2670 21.
3667 2618 3852 2670 Novbr.

768 2698 1113 2764 Lagerbring,
1160 2701 1293 2751 Svea
1330 2701 1485 2753 Rikes
1529 2702 1659 2753 Hist.
1705 2702 1787 2754 lli.
1831 2702 1949 2756 268.
2031 2706 2186 2753 Aaret
2232 2704 2343 2753 skal
2389 2718 2526 2756 vaere
2571 2702 2730 2761 1343,
2777 2716 2832 2753 se
2878 2700 3098 2760 Munch,
3146 2700 3244 2751 Det
3287 2699 3478 2751 norske

772 2782 923 2835 Follis
960 2786 1087 2838 nist.
1125 2786 1175 2839 2.
1204 2784 1315 2837 Am.
1353 2788 1389 2838 1.
1425 2786 1665 2841 585—86
1701 2802 1765 2853 og
1802 2788 2055 2853 Rydberg,
2095 2790 2314 2852 Sverges
2348 2789 2615 2840 Traktater
2651 2788 2710 2838 ll.
2750 2785 3034 2841 106—107.

466 2884 683 2950 *1874
772 2887 1146 2967 mouimus,
1228 2893 1399 2969 prior
1465 2892 1539 2954 de
1608 2892 2095 2971 Antworskogh,
2175 2892 2532 2955 normannus
2601 2891 3021 2969 Parnassos,
3103 2890 3477 2969 praepositus
3545 2890 3628 2945 22.
3666 2891 3856 2943 Novhr.

200 2980 535 3067 LundensiS,
580 2989 805 3068 aliique
844 2995 1132 3055 canonici
1168 2994 1535 3056 Lundenses
1570 3002 2017 3075 protestantur,
2065 2995 2384 3058 Danielem
2421 2994 2777 3093 Vbbesson,
2826 2996 3021 3055 civem
3057 2990 3478 3070 Lundensem,

201 3101 377 3148 coram
420 3106 485 3152 se
530 3090 907 3172 declarasse,
942 3096 1201 3157 fratrem
1252 3114 1432 3159 suum
1469 3098 1819 3160 «Iohannem
1854 3101 1915 3160 in
1964 3100 2254 3160 extremis
2291 3114 2500 3159 coram
2535 3099 2674 3177 ipso
2711 3097 2971 3157 Daniele
3013 3094 3478 3172 recognovisse,

182 3186 557 3255 laurentium
614 3196 891 3258 Jonsson
948 3202 1158 3260 omnia
1212 3199 1447 3280 debita,
1509 3202 1573 3260 in
1632 3201 1857 3279 quibus
1918 3202 2037 3262 sibi
2093 3218 2234 3263 cum
2293 3201 2479 3262 fratre
2537 3201 2806 3261 Henrico
2867 3199 3144 3259 Jonsson
3207 3211 3476 3273 unquam

200 3291 568 3377 obligabatur,
614 3300 886 3362 totaliter
928 3303 1327 3380 persolvisse.
1376 3337 1455 3349 -
1502 3302 1617 3365 Die
1662 3303 1722 3365 b.
1774 3304 2005 3365 Cecilie
2050 3304 2306 3381 virginis
2351 3309 2412 3364 et
2457 3304 2746 3365 martiris,

770 3402 902 3469 Dipl.
941 3405 1178 3464 Svecan„
1216 3405 1295 3455 ed.
1334 3404 1387 3456 B.
1417 3405 1473 3456 E.
1502 3405 1821 3456 Hildohrand
1855 3404 1911 3455 V.
1946 3404 2202 3460 234-35.

464 3504 680 3571 '1875
770 3507 995 3570 Damni.
1044 3508 1404 3587 VseaessoN,
1453 3510 1603 3571 civis
1651 3509 2035 3588 Lundensis,
2082 3509 2392 3589 notificat,
2443 3510 2690 3571 fratrem
2736 3508 3084 3569 Johannem
3134 3504 3476 3565 Vbbaesson
3548 3508 3632 3561 24.
3670 3508 3858 3559 Novbr.

196 3600 243 3659 in
284 3610 557 3669 extremis
594 3626 999 3690 recognosse,
1045 3611 1441 3674 Laurentium
1478 3612 1753 3673 Jonsson
1795 3615 2003 3673 omnia
2038 3612 2264 3692 dehita,
2312 3614 2374 3673 in
2409 3612 2636 3689 quibus
2675 3610 2793 3673 sibi
2829 3626 3094 3689 unquam
3135 3606 3479 3685 tenebatur,

194 3706 427 3769 totaliter
467 3712 865 3787 persolvisse.
911 3703 995 3758 ‘—
1041 3714 1106 3775 ln
1155 3716 1433 3795 profesto
1475 3714 1541 3775 b.
1589 3714 1874 3777 Katerine
1918 3716 2196 3793 virginis,

767 3815 900 3881 Dlpl.
938 3817 1173 3878 Svecan„
1212 3815 1292 3867 ed.
1320 3818 1385 3867 B.
1414 3818 1471 3868 E.
1505 3816 1818 3869 Hildehrand
1854 3815 1911 3867 V.
1944 3816 2200 3871 235—36.

465 3917 680 3983 ⁴187&
772 3918 1106 3984 Cassianus
1155 3920 1315 3999 (Viti)
1361 3938 1535 4001 papoe
1582 3919 1749 3982 bulla
1793 3921 1866 3982 ad
1914 3921 2456 3999 archiepiscopum
2495 3919 2890 3980 Lundensem
2941 3920 3200 3997 ejusque
3249 3916 3474 3977 suffra·
3548 3919 3592 3971 1.
3631 3918 3812 3970 Deebr.

194 4028 397 4087 ganeos
441 4018 514 4081 de
562 4020 804 4083 decima
849 4023 1198 4087 reddituum
1246 4030 1307 4086 et
1351 4032 1763 4103 proventuum
1811 4024 2381 4085 ecclesiasticorum
2441 4021 2736 4083 solvenda
2789 4038 2903 4101 per
2955 4026 3082 4082 tres
3141 4035 3340 4080 annos
3398 4017 3473 4078 ad

192 4116 391 4182 bellum
435 4130 653 4184 contra
696 4123 1003 4187 Turchos.
1050 4161 1135 4172 —
1178 4126 1489 4206 Avinione,
1538 4126 1654 4187 kal.
1704 4126 2092 4205 Decembris,
2137 4124 2538 4205 pontificatus
2585 4126 2994 4193 nostrianno
3041 4121 3341 4183 secundo.

770 4226 1104 4293 Diplomatar.
1142 4230 1359 4292 Norveg.
1396 4228 1475 4279 VI.
1513 4228 1764 4282 192—97.

462 4328 681 4396 *1877.
771 4332 1231 4409 Wmmnuauus)
1268 4334 1583 4394 Danorum
1621 4332 2109 4409 Sclauorumque
2145 4348 2252 4392 rex
2296 4332 2588 4411 placitum
2628 4329 3043 4406 Wiburgense
3089 4325 3478 4387 visitantibus

192 4433 431 4513 nuntiat,
491 4450 561 4497 se
617 4433 872 4496 domino
927 4433 1111 4499 Petro
1166 4436 1534 4500 Waendelbo
1586 4434 1755 4497 bona
1807 4434 2067 4497 Andreae
2123 4433 2442 4496 Paeterson
2501 4434 2561 4493 in
2621 4429 3095 4510 Hymmersysael
3154 4430 3301 4508 sita,
3369 4444 3482 4507 per

193 4534 424 4597 eundem
466 4532 881 4610 Andreamttei
938 4544 1211 4617 scotata,
1260 4542 1403 4618 jure
1459 4544 1761 4618 perpetuo
1818 4536 2202 4616 possidenda
2257 4537 2650 4616 adjudicasse
2709 4534 3166 4610 mandasseque
3212 4532 3482 4592 Johanni

192 4630 353 4717 Kaas,
408 4640 511 4701 cui
568 4639 732 4702 dicta
779 4640 946 4703 bona
986 4642 1400 4720 impignorata
1444 4646 1651 4719 erant,
1700 4646 1767 4703 ut
1810 4642 2077 4719 pecunia
2121 4656 2234 4720 pro
2283 4639 2710 4717 redemptione
2757 4654 2970 4699 eorum
3016 4639 3270 4714 recepta
3313 4634 3478 4696 dicto

192 4733 343 4803 Petro
386 4743 753 4805 Waendelbo
798 4762 873 4807 ea
914 4746 1075 4807 infra
1117 4745 1334 4807 decem
1381 4743 1513 4814 dies
1560 4744 1851 4820 resignet.
1901 4778 1987 4789 —-
2030 4742 2320 4822 Albin-qh,
2367 4744 2504 4804 sine
2549 4758 2736 4803 anno.

772 4846 831 4899 Η.
860 4847 1077 4907 nucu,
1116 4848 1223 4899 nen
1262 4848 1469 4923 danske'
1495 4847 1761 4898 Panterets
1798 4846 1929 4899 Hist.
1966 4846 2019 4898 S.
2048 4844 2304 4899 462—63.

462 4948 683 5015 *1878.
776 4950 1239 5029 wulteranus)
1274 4951 1590 5013 Danorum
1628 4950 2119 5027 Sclauorumque
2159 4966 2264 5010 rex
2304 4949 2596 5028 placitum
2636 4944 3046 5023 wibergense
3085 4943 3479 5005 visitantibus

191 5055 433 5133 nuntiat,
493 5070 566 5116 se
612 5054 883 5116 Henrico
940 5053 1108 5117 dicto
1156 5055 1381 5133 Swort,
1439 5054 1743 5117 Nicholao
1791 5053 1939 5116 Daal
1998 5069 2140 5115 cum
2203 5051 2450 5114 duobus
2500 5050 2636 5112 aliis
2682 5048 3048 5127 mandasse,
3108 5054 3178 5109 ut
3230 5045 3480 5107 Petrum

194 5152 543 5238 Wendelbo,
614 5138 925 5235 quondam
992 5160 1184 5237 patris
1256 5159 1352 5220 sui
1419 5158 1796 5238 dapiferum,
1863 5158 1928 5217 in
1994 5158 2470 5236 possessionem
2537 5154 2846 5248 honorum
2912 5153 2975 5211 in
3041 5149 3346 5229 Karthorp
3416 5151 3477 5210 in

272 5292 469 5361 Regnat.
504 5294 637 5347 Β..
675 5294 738 5345 11.
777 5296 887 5346 Ser.
924 5294 960 5345 l.
3003 5289 3072 5344 34
