4275 5759
450 642 633 708 1354.

394 832 443 885 1.
479 831 693 883 lanuar.

454 1244 590 1295 Anto

363 1312 442 1364 19.
480 1312 693 1363 lanuar.

360 1980 445 2034 19.
478 1980 693 2031 Ianuar.

360 2511 443 2565 27.
481 2511 695 2563 Ianuar.

358 3146 442 3199 27.
480 3145 693 3197 lanuar.

424 3572 507 3627 20.
550 3571 694 3624 Febr.

358 4190 444 4244 20.
480 4189 693 4254 Aprtlls.

438 4308 523 4362 22.
565 4308 694 4369 Mali.

761 359 908 430 304
1190 384 1193 387 ·
1875 352 2090 425 Kone
2149 352 2542 425 Vama-,mn
2597 354 2996 426 Arreanso.

2309 646 2559 730 1354.

1070 832 1290 897 *2191.
1382 830 1693 895 consuens
1752 848 1953 896 cmm
2000 833 2396 893 Assnnntusis
2453 838 2910 910 protestantur,
2969 832 3094 893 duo
3141 834 3308 894 cives
3365 848 3622 895 suorum
3669 832 4105 911 confirmasse,

767 951 985 1014 pacem
1036 936 1199 996 inter
1243 924 1451 1012 regern
1502 935 1731 997 Swecie
1780 939 1841 994 et
1884 933 2026 994 illos
2074 934 2149 992 dc
2198 932 2474 1011 Campen
2521 934 2740 1012 fuisse,
2789 952 2976 1012 quum
3024 933 3192 995 bona
3226 934 3637 996 Thidemanni
3673 935 3798 997 Los
3845 936 3907 995 in
3956 952 4106 1014 pas-

764 1039 939 1113 sagio
990 1036 1279 1099 Orssund
1328 1038 1740 1099 auferrentur.
1796 1070 1865 1081 --
1916 1034 2068 1113 Ipso
2114 1034 2212 1096 die
2260 1037 2762 1097 circumcisionis
2807 1036 3080 1099 Domini.

1376 1137 1715 1189 Urkundenh.
1752 1136 1801 1187 d.
1840 1136 1988 1187 stadt
2023 1136 2236 1188 Luheck
2269 1136 2352 1187 ΙΙΙ.
2391 1137 2507 1191 190.

1078 1239 1294 1304 ’2192
1392 1241 1803 1315 woltoniam)
1850 1240 2168 1302 Danorum
2220 1241 2710 1316 Sclauorumque
2771 1242 2938 1317 regis
2997 1242 3212 1303 litterae
3261 1242 3474 1319 primas
3521 1248 3584 1303 et
3629 1240 3948 1321 secundm,
3997 1259 4111 1321 per

770 1360 928 1420 quas
978 1343 1268 1421 placitum
1318 1343 1607 1420 gencrale
1655 1342 1969 1419 Wibergis
2014 1343 2408 1403 visitantibus
2455 1343 2728 1421 nuntiat,
2781 1360 2849 1403 se
2896 1342 3080 1405 Petro
3129 1344 3574 1419 Froettingsson
3623 1344 4109 1421 (Froethrikson),

770 1444 1075 1506 Nicholao
1123 1445 1495 1507 Nicclesson
1544 1450 1606 1506 et
1652 1443 1900 1506 duobus
1955 1445 2093 1505 aliis
2151 1444 2517 1523 mandasse,
2579 1451 2648 1506 ut
2692 1444 2940 1507 Petrum
2991 1444 3324 1508 Niclesson
3381 1446 3445 1504 in
3503 1446 3892 1525 corporalem
3951 1464 4107 1525 pos-

770 1549 1119 1609 sessionem
1164 1547 1349 1609 unius
1394 1550 1580 1609 curia*
1620 1550 1681 1609 in
1716 1546 2218 1626 Waesterbylugh
2257 1548 2413 1625 sitae,
2461 1548 2518 1608 ei
2563 1564 2676 1625 per
2707 1546 3018 1609 Ranutum
3055 1549 3328 1609 Jensson
3375 1565 3490 1627 per
3531 1550 3785 1609 modurn
3834 1550 4109 1610 sorwaeth

762 1651 1189 1727 impignorata
1252 1657 1314 1710 et
1370 1656 1603 1713 statuto
1662 1651 1927 1711 termino
1988 1665 2116 1710 non
2178 1649 2512 1729 redemptae
2569 1655 2633 1711 et
2695 1656 2919 1729 postea
2975 1667 3088 1728 per
3145 1656 3436 1729 quattuor
3491 1650 3724 1711 litteras
3779 1652 3993 1727 regias
4053 1652 4109 1713 ei

764 1752 1151 1831 adjudicatae,
1199 1752 1615 1813 introducant.
1667 1787 1743 1797 —
1794 1752 2093 1829 Itanum,
2140 1754 2278 1813 sine
2319 1769 2491 1814 ¹anno
2538 1758 2599 1813 et
2643 1751 2763 1813 die.

1379 1853 1439 1905 11.
1467 1854 1685 1913 Rauen,
1724 1853 1833 1904 Den
1870 1853 2069 1905 danske
2108 1856 2376 1905 l’anterets
2413 1854 2544 1905 illst.
2582 1856 2635 1905 S.
2663 1854 2918 1908 467—68.

1072 1972 1291 2039 *2193
1382 1973 1610 2037 Penus
1658 1974 2117 2051 FRAEumuKSou,
2177 1972 2521 2038 Nicnouus
2566 1972 2919 2037 Nmmssou
2976 1980 3039 2037 et
3081 1974 3204 2036 duo
3251 1974 3352 2035 alii
3397 1974 3748 2053 declarant,
3805 1993 3878 2037 se
3922 1975 4110 2037 Petro

762 2076 1115 2139 Nicla·sson
1163 2094 1347 2138 unam
1396 2080 1630 2138 curiam
1679 2080 1737 2137 in
1791 2076 2288 2155 Waestcrbylugh
2339 2078 2541 2154 sitam,
2591 2078 2650 2136 ei
2692 2092 2808 2155 per
2839 2076 3150 2139 Kanutum
3187 2076 3476 2139 Jaensson
3523 2078 4004 2155 impignoratam
4052 2084 4116 2138 et

764 2197 891 2241 non
952 2180 1333 2258 redemptam
1394 2188 1455 2241 et
1516 2186 1737 2258 postea
1796 2180 1851 2239 ci
1910 2196 2022 2257 per
2079 2184 2372 2257 quattuor
2427 2180 2663 2241 litteras
2723 2181 2926 2256 regias
2982 2178 3429 2260 adjudicatam,
3499 2180 3846 2242 aestimasse
3913 2180 4112 2241 libere

764 2281 1230 2362 possidendam.
1285 2316 1359 2327 —
1412 2282 1741 2344 Dominica
1785 2282 1984 2360 prima
2029 2289 2176 2360 post
2220 2289 2499 2343 octavam
2549 2280 2853 2359 epyffanie
2900 2282 3172 2343 Domini.

1382 2384 1441 2435 fl.
1472 2384 1690 2442 Hauon,
1728 2384 1836 2434 Den
1876 2382 2075 2434 danske
2110 2384 2380 2435 Panterets
2416 2383 2545 2435 ΗΜ.
2584 2383 2637 2434 S.
2666 2382 2920 2437 468—69.

1070 2504 1289 2569 *2194
1382 2504 1806 2566 WALosnanus
1878 2504 2196 2565 Danorum
2267 2503 2758 2581 Sclauorumque
2827 2520 2934 2565 rex
3001 2502 3305 2580 declarat,
3389 2522 3456 2565 se
3522 2503 3703 2566 Petro
3771 2504 4116 2567 Niclesson

764 2611 1001 2673 curiam
1047 2609 1111 2669 in
1145 2605 1649 2683 Waesterbelugh
1700 2608 1903 2684 sitam,
1953 2607 2010 2668 ei
2056 2608 2530 2685 impignoratam
2581 2611 2642 2667 et
2687 2621 2811 2666 non
2862 2605 3243 2685 redemptam
3292 2613 3355 2678 et
3397 2614 3618 2686 postea
3663 2623 3776 2685 per
3820 2613 4120 2685 quattuor

763 2712 1001 2773 litteras
1049 2712 1253 2789 regias
1302 2709 1733 2787 adjudicatam,
1783 2710 1841 2769 in
1892 2710 2073 2787 cujus
2110 2710 2497 2789 corporalem
2539 2710 3012 2787 possessionem
3050 2709 3234 2769 etiam
3270 2709 3664 2771 introductus
3699 2716 3852 2787 erat,
3899 2710 4118 2771 denuo

765 2814 1195 2892 adjudicasse,
1266 2812 1411 2873 huic
1481 2827 1687 2874 causoe
1754 2818 2123 2891 perpetuum
2195 2812 2508 2873 silentium
2569 2812 3016 2891 imponentem.
3087 2844 3170 2855 —
3233 2810 3548 2893 nando-us,
3616 2810 3896 2873 secunda
3955 2812 4117 2872 feria

764 2932 937 2995 prox.
985 2922 1128 2976 ante
1174 2916 1405 2978 festum
1453 2913 1917 2993 purificacionis
1963 2913 2023 2975 b.
2072 2914 2367 2990 Virginis.

1380 3017 1438 3067 Η.
1472 3014 1691 3078 Rauen,
1730 3017 1839 3068 Den
1877 3016 2075 3067 danske
2110 3014 2380 3067 Panterets
2417 3016 2547 3067 nist.
2585 3014 2639 3067 S.
2666 3014 2784 3088 463,

1072 3136 1293 3201 *2195
1384 3139 1721 3216 Anasarus,
1768 3134 1891 3197 dux
1938 3136 2472 3215 Magnopolensis,
2522 3135 2872 3211 Stargardie
2919 3152 2991 3196 ac
3028 3134 3305 3197 Rozstok
3339 3136 3655 3215 dominus,
3703 3142 4116 3216 protestatur,

764 3240 1211 3319 Thydcmanno
1257 3224 1425 3301 Eoos
1477 3238 1644 3300 bona
1700 3254 1811 3318 per
1864 3240 2005 3301 illos
2063 3238 2139 3300 de
2189 3238 2465 3317 Campen
2523 3240 2584 3299 in
2641 3240 2936 3319 passagio
2984 3238 3495 3301 Noressundensi
3551 3239 3755 3301 ablata
3807 3256 3975 3301 esse.
4028 3274 4116 3285 --—

763 3344 1222 3420 seralessunclis,
1268 3344 1426 3403 feria
1472 3342 1750 3404 secunda
1794 3350 1939 3423 post
1984 3343 2461 3403 conversionem
2505 3342 2567 3402 b.
2616 3340 2789 3402 Pauli
2834 3342 3104 3421 apostoli
3147 3342 3430 3419 gloriosi.

1382 3442 1723 3495 urkundenb.
1762 3442 1812 3494 d.
1850 3443 2001 3495 stadt.
2034 3443 2248 3494 Luheck
2282 3443 2365 3495 111.
2404 3442 2522 3498 192.

1077 3564 1297 3630 *2196.
1387 3563 1881 3627 Instrumentum
1940 3564 2241 3626 notariale
2299 3565 2374 3625 de
2431 3564 2685 3625 arbitrio
2731 3565 2794 3625 in
2859 3565 2963 3626 lite
3010 3565 3172 3625 inter
3214 3563 3563 3627 Johannem
3609 3564 3875 3627 Verdam
3923 3582 4116 3643 pres-

762 3668 1045 3746 byterum
1081 3668 1487 3729 Bremensem
1522 3671 1585 3728 et
1622 3668 1921 3729 consules
1958 3670 2020 3728 in
2060 3667 2226 3745 Kyle.
2319 3667 2487 3728 luter
2521 3672 2715 3727 testes
2752 3668 3182 3727 nominantur:
3230 3666 3441 3728 Frater
3474 3668 3826 3731 Derstnaus
3859 3666 4114 3729 Licinn

764 3772 1001 3833 ordinis
1038 3770 1099 3831 b.
1136 3770 1443 3833 Johannis
1490 3770 1714 3832 domus
1762 3770 2091 3847 hospitalis
2138 3772 2202 3829 in
2240 3768 2532 3847 Othonia,
2579 3770 2918 3831 Wsnnsuus
2958 3775 3164 3831 rector
3206 3770 3489 3831 ecclesiae
3535 3770 3601 3829 in
3641 3769 4116 3850 Petherstorpe,

764 3878 1083 3937 Amoenus
1132 3881 1339 3935 rector
1394 3873 1677 3935 ecclesiae
1734 3874 1797 3932 in
1841 3872 2164 3934 Haddebo.
2213 3906 2296 3916 ——
2340 3872 2490 3931 Ante
2548 3878 2802 3932 castrum
2861 3874 3077 3949 oppidi
3120 3870 3302 3951 Kyle,
3363 3874 3601 3933 mensis
3649 3870 3962 3934 Februarii
4011 3873 4118 3934 die

764 3978 1083 4038 vicesima.

1383 4058 1685 4119 Michelsen,
1722 4058 2316 4123 Urkundensammtung
2353 4060 2413 4113 ll.
2449 4058 2710 4113 465—68.

1097 4180 1289 4246 2370,
1378 4180 1717 4233 urkundenb.
1758 4180 1807 4231 d.
1846 4180 1994 4232 stadt
2028 4179 2243 4231 Lfiheck
2276 4179 2358 4230 ΙΙΙ.
2397 4178 2650 4232 195-96,

1074 4300 1293 4365 *2197.
1387 4300 1619 4363 Ridder
1662 4300 2036 4363 Bsusmcws
2101 4317 2216 4362 van
2265 4302 2607 4378 Amenanus,
2669 4299 2995 4361 Hsarwtcu
3039 4298 3275 4360 Bassos
3332 4315 3413 4375 og
3457 4298 3618 4361 Yvu«
3679 4316 3790 4359 van
3836 4298 4123 4362 Tarm

765 4394 1141 4467 underkaste
1203 4406 1298 4481 sig
1355 4420 1470 4483 paa
1526 4402 1857 4481 Marquard
1917 4421 1997 4480 og
2052 4403 2267 4464 Busch
2327 4403 2735 4463 Westensees
2784 4401 3060 4462 Senners
3110 4402 3319 4478 Vegne
3378 4402 3498 4462 den
3545 4399 3909 4481 Kjendelse,
3969 4419 4118 4464 som

764 4507 1001 4587 Biskop
1047 4507 1328 4568 Bertram
1373 4508 1439 4568 at·
1482 4507 1751 4585 Lt'ibeck,
1798 4504 2034 4567 Ridder
2076 4504 2327 4582 Eghard
2373 4521 2488 4567 van
2537 4505 2938 4566 Crummesse
2987 4521 3072 4583 og
3108 4503 3288 4565 Peter
3327 4504 3520 4581 Dene,
3567 4502 3748 4581 liong
3783 4504 4123 4567 valdemar

766 4610 832 4671 at·
882 4610 1228 4672 Danmarks
1286 4609 1651 4688 Amtmand,
1710 4615 1937 4670 maatte
1993 4609 2191 4687 afsige
2249 4607 2391 4669 med
2449 4608 2702 4685 Hensyn
2762 4608 2823 4667 tit
2887 4606 3100 4668 Beden
3157 4608 3256 4667 for
3311 4606 3641 4683 Mat-quard
3697 4606 4119 4669 Westensees

766 4712 953 4775 Drab.
998 4746 1081 4757 --
1129 4712 1195 4773 ln
1240 4712 1353 4775 der
1395 4712 1655 4775 hochtid
1700 4728 1843 4773 vses
1885 4712 2093 4773 Heren
2140 4711 2536 4772 hemelvaart.
3725 4708 4118 4787 (Plattydsk.)

1385 4813 1725 4866 urkundenb.
1762 4811 1798 4863 d
1844 4811 1995 4864 Stadt
2022 4812 2236 4864 Luheck
2269 4811 2354 4864 111.
2394 4812 2649 4866 195—99.
2719 4812 2957 4871 nantolii,
2995 4811 3208 4863 Lubeck
3235 4811 3345 4863 und
3375 4810 3645 4876 llarqvard
3675 4824 3776 4863 von
3803 4810 4120 4865 westan-ee

1388 4902 1441 4950 S.
1468 4899 1552 4952 46.

1074 5002 1293 5071 *2198.
1383 5002 1618 5085 Biskop
1663 5002 1947 5067 Βιιιτιωι
1991 5004 2058 5067 at·
2096 5002 2372 5081 Lubeck,
2418 4999 2653 5064 Ridder
2693 5002 2939 5063 Ecfflnn
2987 5018 3104 5063 van
3150 5002 3506 5065 Caunnasss
3551 5018 3634 5079 og
3675 5000 3872 5065 Ριτιιι
3919 5001 4116 5082 Dan,

766 5108 947 5187 Kong
982 5106 1311 5171 Valdemar
1354 5108 1420 5168 at·
1458 5106 1806 5170 Danmarks
1850 5106 2200 5187 Amtmand,
2247 5107 2425 5168 foetde
2471 5104 3102 5183 Voldgit'tskjendelse
3149 5104 3506 5181 angaaende
3552 5103 3675 5166 den
3719 5102 3918 5186 Bode,
3968 5122 4112 5167 som
