4275 5759
294 620 690 689 1316-1319.

431 1667 616 1733 1317.

369 1856 419 1911 3.
457 1856 669 1908 Januar.

371 2266 418 2321 6.
455 2268 668 2318 Ianuar.

371 2778 418 2834 7.
456 2779 668 2831 Januar.

337 2899 419 2953 20.
457 2899 668 2951 Ianuar.

438 3412 485 3465 1.
524 3412 670 3465 Febr.

437 3806 486 3860 3.
526 3807 673 3858 Febr.

437 4216 487 4270 3.
524 4216 672 4268 Febr.

435 4625 486 4679 3.
524 4624 672 4677 Febr.

739 354 887 426 174
1973 356 2193 431 Kone
2244 356 2438 432 Em
2488 356 2825 431 Mmzvnn.

2095 638 2708 723 1316-1319.

1041 813 1261 880 *1158.
1354 818 1716 900 Conceptus
1762 819 2136 900 diplomatis,
2187 838 2311 900 quo
2350 823 2568 885 Euneos
2603 820 2923 884 Danorum
2962 770 3407 899 Slavorumque
3443 838 3571 900 rex,
3618 820 3743 883 dux
3776 820 4073 897 Estoniae,

735 916 1157 993 burgensibus
1216 919 1672 983 Lubicensibus
1731 928 1791 983 et
1846 923 1984 984 aliis
2041 925 2495 987 mercatoribus
2554 939 2769 987 eorum
2819 925 3221 986 consortibus
3268 924 3585 1003 privilegia
3628 923 3703 984 de
3752 924 4075 999 naufragio

737 1024 798 1081 et
843 1019 920 1081 de
965 1025 1316 1083 mercatura
1360 1024 1422 1083 in
1472 1023 1750 1087 Sconore
1798 1030 1860 1086 et
1903 1025 2311 1089 Valsterbode
2360 1026 2669 1089 concedit.
2720 1060 2799 1071 —-
2848 1028 2991 1090 Sine
3038 1043 3227 1088 anno.

1350 1124 1690 1177 Urkundenb.
1728 1127 1777 1178 d.
1817 1127 1968 1179 Stadt
2002 1128 2216 1179 Luheck
2250 1128 2309 1179 n.
2346 1126 2601 1182 316—18.

1045 1242 1261 1307 *1159.
1354 1245 1751 1309 Enumeratio
1789 1250 2034 1326 jurum,
2096 1266 2232 1326 quae
2281 1248 2647 1311 Luslcsuses
2704 1253 2960 1328 rogant,
3019 1253 3102 1310 ut·
3142 1250 3204 1308 in
3252 1247 3588 1327 privilegiis
3641 1246 3761 1308 sibi
3805 1246 3882 1307 ab
3932 1264 4077 1323 rege

737 1343 990 1420 (Daniae)
1037 1344 1112 1407 de
1158 1352 1510 1409 mercatura
1553 1351 1615 1409 in
1665 1350 1943 1411 Sconore
2000 1356 2061 1411 et
2093 1349 2503 1412 Valsterbode
2551 1351 2975 1413 concedendis
3022 1349 3523 1412 conscribantur.
3562 1384 3645 1395 —
3693 1349 3840 1410 Sine
3886 1366 4075 1410 anno.

1350 1450 1690 1502 Urkundenb.
1728 1451 1777 1502 d.
1817 1452 1964 1504 Stadt
2000 1452 2212 1504 Lubeck
2248 1452 2307 1503 11.
2344 1451 2599 1506 318—19.

2170 1783 2176 1788 ‚
2289 1676 2541 1761 1317.

1049 1857 1266 1923 *1160.
1356 1859 1538 1937 Kong
1590 1862 1739 1924 Ειιικ
1795 1868 2158 1941 pantsaetter
2213 1864 2280 1923 til
2340 1864 2438 1924 sin
2496 1862 2823 1940 Dronning
2878 1861 3188 1939 ingeborg
3232 1858 3503 1921 Laaland
3562 1876 3644 1937 og
3689 1860 3933 1921 Falster
3986 1860 4087 1922 t'or

743 1957 955 2024 12000
995 1960 1170 2025 Mark
1218 1961 1379 2024 Salv.
1427 1996 1511 2008 —
1554 1964 1820 2043 Nyborq,
1870 1966 1934 2025 in
1982 1970 2199 2027 octava
2240 1964 2302 2026 b.
2351 1964 2656 2027 Johannis
2702 1969 2905 2044 apost.
2956 1971 3017 2026 et
3062 1981 3279 2041 evang.

1350 2064 1467 2116 Udt.
1505 2068 1522 2115 l
1558 2066 1822 2125 Hvitfeldt,
1861 2066 2044 2118 Deum.
2076 2067 2233 2131 Rigas
2261 2068 2417 2120 hen.
2458 2068 2509 2119 S.
2537 2068 2643 2121 392
2678 2066 2979 2131 (Kvartndg.
3019 2066 3102 2118 111.
3132 2063 3395 2130 232-33)
3425 2078 3489 2129 og
3518 2068 3535 2115 i
3563 2064 4083 2128 Hcklenburgiscbes

1352 2151 1690 2205 Urkundenb.
1728 2151 1808 2202 Vl.
1843 2151 1963 2207 248.

1047 2268 1264 2334 *1161.
1355 2269 1539 2349 Kong
1594 2273 1740 2334 Eun<
1797 2272 1971 2335 lover
2025 2273 2259 2333 Henrik
2314 2273 2381 2333 af
2427 2272 2911 2349 Mecklenburgs
2970 2272 3205 2333 flustru
3265 2270 3475 2348 Anna,
3537 2288 3641 2332 om
3698 2271 3829 2333 hun
3884 2270 4085 2332 bliver

739 2370 935 2450 Enke,
981 2370 1110 2437 300
1153 2370 1326 2436 Mark
1376 2374 1568 2451 aarlig
1614 2375 1681 2437 al*
1709 2374 1992 2453 Femern,
2042 2392 2179 2436 som
2226 2392 2311 2437 nu
2358 2390 2426 2436 er
2468 2376 2812 2436 forskrevet
2857 2373 3096 2436 hendes
3134 2372 3340 2436 Mand.
3388 2407 3473 2419 —
3516 2372 3841 2451 Nyborrm,
3888 2374 4083 2450 hellig

739 2478 832 2536 tre
876 2473 1132 2551 Konger
1175 2475 1333 2552 Dag.

1352 2577 1468 2629 Udt.
1507 2581 1524 2629 l
1559 2578 1834 2639 Hvltl’eldt,
1881 2579 2065 2631 Danm.
2102 2579 2259 2645 Riges
2297 2579 2453 2631 Kran.
2503 2579 2552 2630 S.
2585 2579 2689 2634 392
2742 2579 3043 2643 (Kvartudg.
3090 2578 3173 2630 111.
3218 2576 3343 2643 233)
3388 2591 3453 2641 og
3499 2580 3515 2627 i
3562 2576 4083 2643 Meklenburglsches

1351 2663 1690 2717 urkundenb.
1728 2664 1806 2715 vl.
1844 2664 1961 2718 248.

1079 2780 1265 2847 1827,
1358 2782 1546 2844 Suhm,
1583 2782 1712 2835 illst.
1750 2785 1805 2835 ar
1835 2785 2018 2867 Duum.
2059 2784 2136 2835 xl.
2175 2782 2426 2838 792—93.
2500 2784 3012 2849 Meklenburgisehes
3047 2783 3387 2835 Urkundenb.
3425 2782 3506 2834 vl.
3542 2780 3832 2839 248-49..

1045 2902 1264 2967 *1162
1357 2904 1713 2967 Gsnmnous
1782 2910 1844 2967 et
1909 2903 2247 2983 JOHANNBS,
2317 2905 2580 2965 comites
2638 2904 2953 2966 Holtsacie
3024 2910 3085 2965 et
3150 2905 3211 2965 in
3271 2900 3757 2982 Reynesburch,
3825 2902 4085 2964 Ericum

743 3005 1059 3068 Danorum
1095 3005 1542 3086 slavorumque
1579 3024 1791 3084 regem
1827 3024 2078 3070 necnon
2102 3007 2425 3069 Hinricum
2464 3006 2783 3067 dominum
2818 3006 3381 3086 Magnopolensem
3418 3004 3493 3068 ab
3530 3006 3703 3067 omni
3736 3005 4085 3084 promisso,

742 3125 867 3188 quo
915 3126 986 3169 se
1032 3110 1366 3171 occasione
1414 3110 1784 3189 captivitatis
1840 3110 2147 3172 Iohannis
2207 3108 2643 3187 obligaverint,
2702 3107 2933 3171 liberos
2992 3108 3339 3185 dimittunt,
3397 3107 3735 3170 dummodo
3782 3107 4087 3169 [linricus

741 3211 1063 3275 dominum
1100 3211 1174 3272 de
1199 3210 1576 3274 Manesvelle
1614 3211 1731 3273 sibi
1769 3214 2076 3292 captivum
2115 3212 2476 3291 praesentari
2504 3211 2705 3273 faciat.
2733 3246 2815 3255 —
2837 3210 3175 3289 Seqeberye,
3216 3210 3314 3271 die
3340 3210 3590 3271 Fabiani
3620 3214 3683 3269 et
3706 3208 4085 3290 Sebastiani.

1355 3313 1656 3372 Michelsen,
1693 3312 2285 3377 Urkundensammlung
2322 3314 2381 3365 Il.
2420 3312 2671 3367 145—46.
2745 3313 3260 3376 Meklenburglsches
3294 3310 3633 3363 urkundenb.
3672 3309 3751 3362 vl.
3788 3310 3909 3363 252.

1047 3414 1264 3481 *1163
1357 3416 1562 3494 Forlig
1619 3416 1866 3478 mellem
1921 3416 2104 3494 Kong
2153 3417 2295 3481 Emit
2356 3434 2435 3494 og
2493 3417 2729 3494 Hertug
2776 3417 2923 3479 Eum
2978 3416 3043 3477 af
3085 3413 3577 3494 Sonderjylland.
3624 3448 3707 3458 —
3752 3412 4085 3493 Nyborriy,
4126 3448 4135 3457 ·

745 3521 806 3581 S.
855 3518 1134 3581 Silvestri
1179 3519 1298 3597 dag
1345 3520 1427 3594 (in
1474 3519 1786 3597 Februar).

1355 3621 1472 3673 Udt.
1521 3623 1540 3671 i
1576 3622 1847 3681 Hvltieldt,
1898 3621 2079 3672 Danm.
2117 3622 2273 3686 nges
2310 3622 2466 3673 Krnn.
2514 3622 2566 3673 S.
2603 3620 2879 3676 399—400
2919 3618 3215 3684 (Kvartudg.
3253 3619 3337 3669 111.
3381 3617 3637 3675 251-52)
3682 3630 3747 3681 og
3792 3620 3809 3668 l
3846 3617 4087 3669 Heklen·

1356 3708 1666 3770 burglsches
1698 3706 2038 3760 Urkundenb.
2076 3706 2157 3757 Vl.
2194 3706 2311 3761 253.

1049 3808 1270 3873 *1164
1359 3809 1660 3872 somnus
1708 3809 2009 3885 (xxndus)
2067 3826 2229 3889 papa
2284 3811 2762 3887 archiepiscopo
2821 3816 2882 3870 et
2938 3807 3210 3888 capitulo
3256 3804 3698 3868 Lundensibus
3756 3806 4087 3869 denarium

746 3928 798 3972 s.
837 3911 999 3972 Petri
1044 3911 1106 3971 in
1155 3926 1348 3986 regno
1385 3910 1576 3973 Datiae
1622 3930 1736 3993 pro
1785 3929 2032 3975 camera
2077 3911 2246 3974 sedis
2286 3913 2647 3991 apostolicae
2688 3910 2970 3989 exigendi
3006 3915 3379 3989 potestatem
3416 3907 3728 3988 concedit,
3773 3910 4089 3971 rationem

745 4029 1014 4075 annuam
1062 4008 1138 4073 ab
1185 4014 1262 4074 iis
1310 4014 1656 4091 postulans.
1703 4050 1788 4059 -
1835 4016 2147 4091 Avinione,
2197 4013 2295 4075 ΙΙΙ.
2336 4030 2537 4076 nonas
2573 4014 2909 4089 Februarii,
2958 4012 3357 4093 pontificatus
3402 4012 3604 4074 nostri
3646 4028 3814 4073 anno
3854 4013 4089 4091 primo.

1357 4114 1691 4181 Dlplomatar.
1729 4118 1946 4181 Norveg.
1989 4116 2066 4166 vl.
2103 4114 2309 4169 91-92

1050 4214 1269 4282 *1165.
1359 4218 1660 4281 Iomanes
1698 4220 1998 4295 (xxndus)
2043 4236 2206 4299 papa
2250 4236 2460 4296 regem
2498 4217 2702 4280 Daciae
2740 4219 3044 4296 hortatur,
3091 4224 3159 4279 ut
3193 4217 3673 4295 archiepiscopo
3706 4220 3771 4276 et
3804 4216 4089 4295 capitulo

745 4319 1184 4383 Lundensibus
1252 4320 1546 4383 auxilium
1614 4323 1679 4382 in
1749 4321 2003 4383 denario
2064 4338 2116 4382 s.
2164 4320 2330 4383 Petri
2387 4320 2741 4397 colligendo
2808 4321 3122 4396 largiatur.
3181 4353 3262 4364 —
3323 4320 3645 4396 Avinione,
3715 4316 3817 4379 ΙΙΙ.
3876 4334 4089 4379 nonas

744 4422 1081 4503 Februarii,
1127 4423 1528 4502 pontificatus
1575 4424 1774 4485 nostri
1820 4440 1985 4486 anno
2031 4424 2253 4503 primo.

1357 4525 1693 4589 mplomatar.
1731 4526 1946 4589 Norveg.
1984 4525 2065 4576 Vl.
2102 4525 2185 4578 92.

1050 4627 1269 4691 *1166.
1361 4627 1660 4691 Jousnnss
1706 4626 2008 4701 (xxfldus)
2055 4644 2215 4705 papa
2259 4628 2737 4707 archiepiscopo
2773 4627 3090 4688 Lundensi
3138 4631 3200 4687 et
3239 4626 3557 4706 episcopis
3592 4625 3977 4703 Lincopensi
4025 4632 4092 4686 et

745 4729 1022 4791 Aboensi
1065 4730 1338 4805 mandat,
1385 4736 1454 4791 ut
1499 4747 1570 4790 ex
1621 4729 1890 4807 querelis
1925 4731 2106 4792 electi
2156 4735 2219 4791 et
2254 4731 2508 4809 capituli
2546 4730 2907 4809 Upsalensis
2942 4729 3327 4808 provideant,
3375 4744 3453 4789 ne
3490 4726 3734 4789 nobiles
3770 4726 4089 4790 dominive

745 4832 1123 4910 temporales
1159 4831 1570 4893 electionibus
1607 4832 1870 4909 aliisque
1906 4834 2176 4909 negotiis
2214 4833 2661 4894 ecclesiasticis
2700 4850 2769 4894 se
2804 4833 3219 4909 immisceant,
3258 4830 3373 4892 sub
3410 4845 3615 4909 poena
3648 4832 4087 4891 excommuni-

749 4934 1034 4995 cationis.
1093 4966 1162 4978 -—-
1216 4933 1524 5011 Avinione,
1574 4932 1672 4994 lll.
1723 4950 1924 4996 nonas
1971 4934 2308 5014 Februarii,
2356 4933 2756 5014 pontificatus
2800 4951 2967 4995 anno
3015 4935 3235 5012 primo.

1363 5033 1494 5098 Dipl.
1535 5036 1770 5096 Svecan„
1817 5036 1897 5087 ed.
1945 5037 1997 5087 Β.
2026 5036 2082 5087 Ε.
2112 5036 2431 5088 Hildebrand
2476 5036 2557 5087 lli.
2602 5035 2890 5089 305—307.
2966 5035 3271 5099 Brudstxkk.
3310 5038 3327 5085 l
3358 5034 3701 5097 Lagerbrlng,
3750 5033 3886 5085 Svea
3924 5032 4089 5085 Rikes

1363 5119 1492 5171 Hist.
1531 5120 1613 5171 111.
1652 5120 1770 5181 103,
1809 5120 2061 5175 175-76,
