4275 5759
1195 388 1410 460 Kone
1465 386 1857 459 VALDEMAR
1907 408 2040 458 nnN
2099 389 2367 459 Anum.
3344 389 3433 457 41

189 684 304 727 suos
353 682 486 729 cum
548 665 907 726 Bremensis
972 661 1254 725 ecclesiae
1311 661 1816 724 ministerialibus
1885 678 2024 723 eum
2083 668 2145 723 et
2198 659 2461 722 heredes
2519 662 2653 737 ejus
2709 660 2771 719 in
2832 658 3121 736 expensis
3177 656 3447 737 propriis
3572 655 3756 720 1218.

187 774 362 829 contra
401 784 618 829 omnes
665 766 952 828 inimicos
991 768 1314 845 juvaturos
1361 781 1525 827 esse.

748 866 1255 929 Meklenburgisches
1283 863 1947 919 Urkundenb.1.224—25.
2000 863 2172 928 Tydsk
2190 864 2368 915 Overs.
2408 867 2425 915 1
2459 864 2697 927 Usinger,
2735 860 3243 913 Deutscb-danlsche
3262 858 3451 933 Gesch:

745 953 797 1003 S.
837 951 1090 1007 176—77.

482 1040 660 1105 *163.
749 1040 996 1103 Hnmci
1038 1038 1334 1101 Buaswnu
1381 1036 2026 1116 Magnopolitanorum
2089 1042 2152 1098 et
2194 1035 2582 1115 Kyzenorum
2626 1034 2926 1113 principis
2974 1032 3275 1113 diploma,
3326 1047 3447 1108 quo

189 1145 515 1205 monasterio
563 1141 852 1203 Doberan
899 1143 1373 1220 possessionem
1419 1140 1725 1202 bonorum
1775 1138 2119 1200 confirmat.
2150 1174 2227 1184 —
2256 1137 2423 1213 Pole,
2449 1138 2789 1199 indictione
2814 1135 2936 1211 v1.‚
2986 1135 3249 1197 Honorii
3290 1150 3448 1213 pape

193 1245 556 1323 temporibus,
604 1249 904 1321 regnante
951 1243 1358 1307 Waaosnao.

746 1344 1098 1409 Westphalen,
1138 1345 1472 1399 Monumenta
1507 1344 1588 1395 111.
1627 1342 1910 1398 1474-75.
1986 1343 2495 1406 nenenburgisches
2532 1341 2868 1392 urkundenb.
2905 1340 2942 1391 1.
2979 1338 3230 1394 225-26.

1502 1502 2107 1585 1218-1231,
3497 1509 3893 1575 1218-1231.

191 1726 248 1785 S·
496 1640 670 1703 *164.
759 1636 1186 1701 Wacnmmaus
1212 1636 1400 1698 muns
1435 1653 1539 1698 rex
1577 1636 1893 1715 privilegia
1923 1637 2284 1697 monasterii
2319 1630 2483 1697 Petri
2519 1633 2987 1696 Nestvediensis
3013 1629 3457 1694 confirmat.—

233 1740 317 1785 me
353 1740 522 1787 anno.
2918 1728 2923 1736 ’

751 1808 868 1860 Udt.
905 1811 921 1859 1
959 1807 1250 1871 Langebek,
1290 1806 1544 1871 Scriptor.
1585 1820 1683 1857 rer.
1704 1806 1941 1857 Danicar.
1979 1804 2058 1855 lV.
2094 1804 2199 1859 338
2232 1818 2296 1869 og
2333 1809 2349 1856 i
2386 1806 2721 1869 Programma
2754 1804 2949 1855 scholae
2967 1802 3290 1855 Herlovlanae
3325 1799 3461 1855 1784

753 1895 806 1946 s,
844 1893 1096 1949 130—31.
2280 1954 2287 1961 .
3764 1936 3769 1943 Π

1454 2034 1676 2116 1219
1741 2032 1864 2122 vel
1923 2039 2147 2115 ante.
3040 2028 3049 2038 ·
3610 2007 3774 2074 1219

521 2166 666 2234 658,
757 2169 876 2220 ror
913 2167 1100 2227 sunm,
1138 2166 1266 2218 nist.
1303 2166 1358 2217 at
1390 2166 1572 2217 naum.
1610 2165 1690 2217 lx.
1728 2164 1830 2219 245
1865 2164 1974 2217 ιω
2012 2164 2092 2217 1x.
2127 2164 2245 2219 345.
3566 2110 3649 2163 ὀἱ
3685 2114 3822 2161 ante.

1684 2323 1935 2407 1219.
3588 2332 3775 2400 1219.

231 2460 474 2534 ‚165(=
505 2458 670 2547 650),
761 2459 878 2509 Ber
913 2460 1114 2510 rettes
1157 2457 1259 2508 til:
3568 2454 3649 2507 12·
3688 2454 3819 2514 nau-

757 2546 1010 2608 nouonu
1056 2544 1236 2620 (mut)
1292 2543 1368 2604 ad
1426 2542 1885 2618 (Christianum)
1945 2544 2309 2621 episcopum
2368 2540 2637 2603 Prusciae
2697 2541 2945 2619 litterae,
3003 2542 3069 2601 in
3127 2538 3350 2617 quibus
3408 2539 3464 2599 ei

86 2674 88 2679 ·
203 2646 438 2728 mandat,
491 2654 559 2709 ut
601 2663 854 2725 omnes,
917 2664 990 2709 ex
1045 2646 1378 2725 Teutonia,
1436 2645 1722 2721 Boemia,
1781 2644 2081 2723 Moravia,
2144 2644 2364 2723 Diem,
2427 2636 2683 2706 Polo'nia
2726 2649 2788 2705 et
2829 2643 3195 2706 Pomerania
3248 2658 3465 2703 versus

205 2746 469 2811 Prusciam
514 2767 698 2812 cruce
745 2754 1002 2829 accepta
1043 2748 1550 2828 proficiscentes,
1610 2749 1662 2807 si
1711 2746 2074 2825 quidquam,
2122 2763 2236 2825 per
2292 2746 2458 2823 quod
2501 2763 2886 2825 paganorum
2932 2746 3256 2809 conversio
3303 2760 3464 2825 prae-
3550 2728 3557 2735 ⁵

204 2850 364 2926 pediti
403 2853 616 2932 possit,
663 2844 1019 2931 disponant,
1067 2856 1446 2931 compescat.

653 2944 659 2951 ’
763 2954 945 3007 Brevet
978 2954 1076 3005 liar
1111 2956 1128 3004 i
1163 2952 1426 3017 Anrykket
1459 2954 1478 3002 i
1513 2952 1640 3003 Acta
1677 2952 1955 3002 Borussica
1990 2950 2407 3004 Pontificataaret
2442 2952 2534 3012 111,
2582 2950 2681 3016 dog
2717 2951 2813 3003 har
2848 2965 2970 3003 man
3008 2953 3025 3002 1
3060 2949 3380 3002 naszelbach
3416 2962 3467 2998 u.

760 3038 1105 3103 Kosegarten,
1161 3038 1284 3091 cod.
1334 3039 1532 3089 Pomer.
1581 3038 1792 3101 diplom.
1830 3037 1866 3087 1.
1903 3034 2006 3090 268
2049 3050 2112 3101 og
2159 3039 2174 3087 1
2214 3036 2608 3089 Pommersches
2660 3038 2995 3090 Urkundenb.
3044 3038 3081 3087 1.
3126 3036 3228 3091 135
3262 3039 3473 3099 antaget

761 3125 848 3176 det
882 3125 961 3177 for
998 3139 1061 3177 en
1098 3124 1205 3187 Fejl
1249 3124 1327 3175 tor
1383 3122 1801 3174 Pontificataaret
1835 3122 1895 3173 11.
1969 3122 2227 3182 votthem,
2274 3122 2496 3186 Regesta
2534 3122 2767 3188 pontific.
2806 3123 3084 3176 Romanor.
3134 3119 3471 3177 1198—1304

762 3210 800 3261 1.
838 3210 938 3265 531
974 3210 1069 3261 har
1109 3208 1346 3261 derimod
1381 3208 1532 3269 1219,
1570 3208 1790 3272 ligesom
1827 3207 2096 3267 Perlbach,
2137 3208 2475 3260 Preussische
2510 3209 2765 3274 Regesten
2804 3210 2855 3260 S.
2894 3208 3112 3264 11—12.

532 3296 675 3361 659,
768 3295 963 3353 Riedel.
1003 3296 1176 3347 Codex
1212 3294 1581 3359 diplomaticus
1617 3294 2140 3357 Brandenburgensis
2177 3294 2226 3348 2.
2265 3294 2508 3359 Haupttb.
2548 3296 2581 3345 1.
2621 3294 2775 3350 7-8.
3574 3295 3656 3348 26.
3695 3294 3825 3355 tauji.

533 3380 674 3446 660,
760 3380 1129 3517 ¹:ull3iii·11‹lst31kk.
1167 3381 1222 3431 af
1257 3382 1442 3431 Brevet
1474 3380 1570 3431 bar
1607 3379 1774 3431 Suhm
1811 3372 1890 3429 IX.
1930 3379 2030 3433 753
2066 3379 2280 3431 Datum:
2337 3380 2414 3431 m.
2452 3380 2600 3444 Aug„
2646 3384 2663 3431 i
2701 3382 2922 3445 Udtoget
2956 3381 3035 3431 ix.
3073 3378 3332 3433 317—18:
3386 3376 3469 3431 21.
3504 3380 3881 3512 Ἷ81211λιιῐιιέ1ὲί.ιι

536 3552 679 3617 661,
768 3552 892 3603 Jvfr.
932 3550 1184 3611 Doti-baa,
1223 3550 1445 3616 Regesta
1477 3550 1710 3617 pontific.
1747 3551 2025 3603 Romanor.
2065 3549 2407 3605 1198—1304
2440 3552 2477 3603 1.
2512 3551 2631 3606 534.
3574 3552 3655 3607 23.
3693 3551 3835 3603 Julli.

505 3630 676 3702 ¹166.
765 3638 1085 3699 flammeus
1143 3637 1217 3700 de
1277 3635 1514 3700 Roztoc
1573 3643 1634 3699 et
1677 3637 1978 3701 NicoLAus
2027 3637 2100 3699 de
2146 3637 2543 3718 Magnopoli,
2598 3639 2852 3715 fratres,
2910 3639 3354 3719 possessiones
3412 3641 3473 3697 et
3540 3640 3587 3691 1.
3624 3639 3863 3702 Augusti.

209 3737 484 3816 priuilegia
525 3740 986 3803 Doberanensis
1033 3740 1316 3803 ecclesiae
1374 3739 1762 3802 confirmant.
1815 3771 1888 3782 —
1941 3738 2168 3818 Roztoc,
2228 3741 2347 3802 kal.
2393 3742 2679 3821 Augusti,
2733 3741 3071 3804 indictione
3119 3740 3269 3819 vn„
3328 3756 3470 3816 reg-

205 3844 360 3901 nante
403 3842 780 3907 Wawuaao
827 3842 1114 3907 Danonuu
1159 3860 1325 3905 naon.
2390 3844 2397 3853 '
3280 3832 3289 3840 ’

768 3943 1280 4008 Heklenburgisches
1319 3944 1656 3996 Urkundenb.
1693 3945 1727 3994 Ι.
1763 3937 2018 3997 244-46.

539 4030 681 4098 662,
773 4031 1064 4095 Scriptores
1100 4043 1277 4081 rerum
1308 4028 1676 4081 Livonlcarum
1695 4030 1730 4081 1.
1750 4030 2004 4085 388-89.
2060 4030 2313 4096 Rydherg,
2353 4031 2572 4095 Sverges
2592 4032 2857 4083 Tralttater
2886 4032 2921 4083 1.
2957 4031 3209 4086 132--·33.
3263 4030 3471 4082 Brudst.
3536 4040 3589 4093 ,7.
3626 4037 3863 4101 Augusti.

766 4118 784 4165 l
821 4116 1156 4180 Lagerbrlng,
1195 4115 1328 4167 Svea
1363 4114 1516 4166 Rikes
1553 4116 1681 4167 Hist.
1718 4114 1778 4164 11.
1815 4116 1931 4169 320.

538 4202 680 4268 664,
770 4201 1101 4265 Turgeniew.
1147 4202 1404 4253 Historica
1439 4200 1643 4251 Russlae
1687 4203 2012 4253 monimenta
2046 4200 2084 4251 1.
2121 4200 2204 4255 10.
2296 4205 2497 4267 Bunge,
2544 4194 2700 4263 le‘e,
2746 4202 2921 4254 Esth.-
2968 4216 3018 4253 u.
3067 4201 3475 4253 Curlandisches
3542 4208 3624 4262 29,
3663 4206 3870 4259 octobr.

767 4287 1102 4340 Urkundenb.
1140 4287 1179 4338 1.
1213 4286 1295 4341 51.

513 4373 682 4438 ²167.
773 4372 1109 4437 sumnus
1155 4373 1537 4434 Diminensis
1584 4378 1645 4434 et
1687 4372 2172 4436 Pomeranorum
2230 4374 2352 4436 dux
2406 4375 2723 4455 privilegia
2776 4376 3028 4437 fratrum
3078 4375 3474 4454 cystercien-

209 4472 342 4535 sium
383 4476 446 4537 in
490 4476 792 4539 coenobio
836 4475 1088 4553 Dargun
1137 4463 1462 4540 confirmat
1516 4481 1823 4553 augetque
1870 4484 1930 4538 et
1973 4479 2134 4539 inter
2180 4483 2396 4556 testes,
2458 4479 2581 4557 qui,
2640 4494 2831 4556 quum
2887 4478 3079 4557 patris
3138 4480 3235 4540 sui
3280 4478 3475 4540 dona-

211 4574 378 4639 tiones
421 4578 656 4660 flerent,
703 4578 1034 4657 affuerunt,
1078 4578 1484 4656 waimarum,
1530 4577 1845 4639 »abbatem
1874 4579 1948 4641 de
1973 4582 2219 4658 Esrom,
2269 4580 2377 4641 sed
2413 4586 2563 4641 tunc
2596 4586 2833 4641 tantum
2871 4581 3309 4659 monachum·,
3357 4595 3475 4641 no-

211 4678 398 4759 minat3
444 4682 624 4745 simul
668 4682 939 4763 praefatis
983 4680 1277 4743 fratribus
1321 4680 1577 4742 liberam
1623 4687 1996 4759 potestatem
2040 4682 2145 4744 dat
2188 4682 2449 4744 vocandi
2494 4682 2571 4743 ad
2617 4700 2684 4745 se
2732 4690 2793 4745 et
2837 4683 3182 4745 collocandi
3230 4686 3291 4743 in
3324 4698 3476 4762 pos-

213 4782 522 4847 sessionem
565 4784 848 4849 ecclesiae
890 4783 966 4847 de
1000 4783 1254 4860 Dargun
1287 4782 1722 4862 »Teutonicos,
1760 4783 1988 4862 nimos,
2028 4784 2241 4847 Slavos
2288 4785 2381 4847 vel
2429 4788 2859 4864 cujuscunque
2905 4788 3109 4864 gentis
3157 4790 3217 4847 et
3262 4787 3476 4864 cujus-

213 4896 416 4967 cunque
449 4890 596 4949 artis
637 4886 924 4949 homines
961 4890 1023 4948 et
1047 4888 1217 4966 ipsas
1242 4885 1431 4966 artels
1457 4886 1809 4966 exercenldi
1837 4892 1898 4948 et
1918 4888 2266 4967 parochyas
2294 4893 2355 4948 et
2378 4889 2757 4967 presbiteros
2785 4888 3205 4952 constituendi
3230 4903 3475 4949 necnon

215 4988 260 5044 et
292 4987 590 5052 tabernam
637 4988 928 5069 habendi,
978 4984 1104 5051 sive
1147 4988 1338 5050 velint
1379 5006 1554 5050 more
1599 4992 1803 5064 gentis
1848 4996 2077 5052 nostrae
2127 4991 2254 5052 sive
2303 4992 2617 5053 teutonice
2670 4992 2795 5053 sive
2844 4992 3125 5054 danice«.

771 5092 956 5151 Liscb,
995 5090 1480 5155 nemenhurgische
1515 5090 1802 5143 Urkunden
1851 5093 1883 5142 l.
1930 5091 2151 5146 21-28.
2223 5094 2734 5159 Heklenburgisches
2780 5094 3114 5147 Urltundenb.
3154 5094 3189 5145 1.
3224 5093 3477 5149 232-35.

775 5177 1092 5230 naszelbach
1138 5191 1188 5227 u.
1236 5177 1580 5241 Kosegarten,
1630 5175 1756 5228 Cod.
1806 5176 2004 5230 Pomer.
2052 5180 2265 5244 diplom.
2310 5181 2346 5231 1.
2382 5179 2647 5241 291-94,
2688 5182 2805 5242 jvrr.
2844 5182 2896 5231 S.
2930 5180 3049 5235 998.
3124 5180 3425 5245 Brudstykk.
3462 5182 3479 5228 1

775 5262 1171 5316 Pommersches
1207 5263 1542 5315 Urkundenb.
1582 5264 1616 5314 1.
1655 5262 1769 5317 140.

319 5362 506 5433 aegest.
543 5366 670 5419 nan.
709 5366 770 5419 u.
809 5365 918 5419 ser.
953 5366 991 5419 ι.
3023 5372 3057 5427 6
