4275 5759
411 521 596 588 1363.

320 1055 403 1110 28.
441 1055 644 1122 Saptbr.

317 1501 401 1556 23.
439 1502 642 1566 Septbr.

314 1949 398 2005 30.
438 1948 641 2015 septbr.

272 2160 279 2170 .
334 2086 382 2139 4.
421 2086 630 2138 Octobr.

311 2719 394 2776 14.
431 2721 641 2774 Octobr.

366 3354 413 3409 1.
452 3355 642 3407 Novbr.

367 3475 416 3530 6.
455 3475 643 3527 Novbr.

335 3592 417 3649 13.
455 3595 642 3646 Novbr.

336 4023 420 4080 13.
458 4024 644 4075 Novbr.
714 4079 729 4093 .

338 4453 420 4506 19.
458 4452 647 4528 Novbr.

336 4571 421 4626 20.
458 4572 647 4624 Novbr.

346 4997 429 5054 18.
468 4998 651 5050 Deobr.

347 5117 431 5174 22.
469 5117 653 5170 nocht.

725 353 871 427 340
1458 343 1463 348 ’
1836 349 2049 422 Kone
2106 349 2496 422 VALDEMAR
2549 349 2947 421 Arri-:Rosa

720 633 781 690 et
836 627 1169 691 collectore
1226 626 1303 690 ad
1353 628 1637 708 Daciam,
1701 627 1975 690 Sveciam
2036 634 2096 688 et
2140 625 2512 703 Norvegiam
2561 623 2893 687 destinato.
2945 660 3024 669 —
3075 627 3393 704 avinione,
3455 625 3592 686 idus
3640 626 4046 706 Septembris,

718 729 1120 811 pontificatus
1166 733 1367 794 nostri
1414 747 1579 793 anno
1625 731 1848 811 primo.

1329 833 1664 898 Dlplomatar.
1712 835 1924 897 Norveg.
1965 831 2043 882 Vl.
2081 830 2370 885 aot—305.
2455 831 2667 883 Summe
2705 833 2807 894 Dag
2857 831 3128 882 udstedtos
3163 829 3790 894 Anboiailugsskrlvelser
3823 832 3888 882 til
3923 831 4048 882 Her-

1325 925 1549 984 tugerne
1584 919 1639 970 ai
1666 918 2047 981 Mecklonburg,
2086 918 2368 1002 Luneburg
2400 930 2464 981 og
2495 916 2728 976 Saehsen
2767 923 2907 968 samt
2935 917 3200 971 Graverne
3227 918 3282 968 ai
3310 917 3522 968 Holsten
3553 930 3617 981 og
3650 917 4049 980 Schauenburg.

1023 1055 1239 1122 *2482
1332 1057 1604 1120 Uassuus
1663 1055 1849 1138 (vtus)
1916 1072 2078 1136 papa
2145 1056 2686 1135 archiepiscopum
2751 1054 3146 1117 Lundensem
3216 1060 3425 1134 rogat,
3497 1060 3565 1116 ut
3629 1055 3904 1117 Guidoni
3974 1055 4048 1116 de

716 1159 951 1238 Cruce,
1030 1161 1425 1238 apostolicoe·
1460 1160 1627 1222 sedis
1692 1159 1911 1221 nuntio
1980 1165 2043 1220 et
2108 1159 2428 1221 collectori
2495 1159 2556 1219 in
2623 1157 2836 1236 Batia,
2919 1159 2982 1218 in
3063 1157 3384 1220 exactione
3451 1157 3686 1221 denarii
3753 1157 3816 1218 b.
3887 1157 4052 1220 Petri

714 1263 989 1326 assistat.
1040 1297 1119 1308 —-
1165 1263 1478 1340 Avinimoe,
1528 1262 1624 1325 IX.
1674 1261 1791 1324 kal.
1842 1262 2158 1341 Octobris,
2206 1260 2604 1342 pontificatus
2653 1262 2850 1322 nostri
2897 1276 3062 1322 anno
3107 1262 3330 1340 primo.

1330 1364 1665 1430 Diplomatar.
1704 1365 1921 1428 Norveg.
1960 1363 2038 1416 vi.
2074 1364 2192 1418 305.

1019 1501 1238 1567 *2483
1328 1501 1603 1565 Usamus
1652 1502 1837 1584 (vius)
1895 1519 2055 1582 papa
2110 1503 2652 1580 archiepiscopum
2712 1501 3154 1563 coloniensem
3210 1500 3522 1579 hortatur,
3582 1509 3649 1563 ut
3693 1501 4048 1564 Guidonem

715 1605 791 1668 de
839 1604 1072 1683 Cruce,
1120 1605 1479 1684 apostolicoe
1529 1605 1696 1668 sedis
1744 1607 2029 1668 nuntium
2075 1605 2154 1666 ad
2204 1604 2474 1682 Datiam,
2535 1603 2812 1692 Sveciam
2859 1611 2919 1665 et
2965 1603 3332 1680 Norvegiam
3382 1603 3794 1683 destinatum,
3855 1605 4052 1666 libere

715 1709 980 1771 transire
1028 1711 1360 1788 permittat.
1411 1743 1491 1752 —
1537 1710 1851 1793 Acinione,
1898 1707 1996 1769 tx.
2043 1709 2164 1769 kal.
2215 1706 2532 1793 Octobris,
2581 1706 2978 1786 pontificatus
3026 1709 3226 1770 nostri
3271 1722 3438 1769 anno
3483 1701 3736 1787 primo.'

1328 1808 1667 1875 Dlplomatar.
1704 1812 1921 1875 Nor-vag.
1960 1809 2038 1860 VI.
2076 1809 2193 1865 306.
2361 1809 2364 1812 ’

1046 1947 1211 2014 2517
1264 1966 1333 2011 se
1380 1949 1569 2015 2566.

1016 2085 1233 2151 *2484
1324 2085 1597 2150 [laeuos
1655 2086 1843 2168 (vius)
1900 2103 2059 2167 papa
2116 2085 2384 2148 Gnidoni
2446 2085 2522 2146 de
2570 2086 2804 2164 Cruce,
2867 2084 3187 2164 capellano
3245 2101 3397 2164 suo,
3455 2086 3816 2167 apostolicae
3877 2087 4054 2149 sedis

710 2189 963 2268 nunti0,
1023 2188 1120 2250 cui
1180 2189 1417 2252 exactio
1474 2189 1731 2252 decimae
1790 2189 2109 2251 triennalis
2169 2190 2447 2250 omnium
2505 2194 2912 2266 proventuum
2973 2188 3381 2252 ecclesiarum
3437 2191 3500 2249 in
3555 2189 3774 2267 Dacia,
3833 2190 4058 2252 Svecia

712 2297 771 2352 et
806 2288 1113 2367 Norvegia
1156 2294 1495 2354 commissa
1527 2299 1644 2371 est,
1697 2291 2072 2373 prorogandi
2120 2293 2424 2352 terminos
2471 2290 2800 2353 solutionis
2847 2308 3052 2369 usque
3093 2291 3172 2352 ad
3215 2297 3343 2353 tres
3391 2308 3666 2370 menses,
3714 2301 4050 2371 postquam

710 2393 957 2472 aliquod
1005 2393 1309 2456 dictorum
1360 2411 1693 2472 regnorum
1730 2395 2064 2473 intraverit,
2112 2394 2466 2457 facultatem
2503 2394 2812 2456 concedit.
2849 2430 2929 2439 -
2971 2395 3276 2474 dominae,
3309 2393 3453 2456 llll.
3490 2413 3693 2457 nonas
3729 2395 4054 2474 Octobris,

712 2495 1111 2575 pontificatus
1158 2497 1358 2559 nostri
1403 2514 1569 2560 anno
1614 2499 1838 2577 primo.

1326 2599 1661 2665 Dlplomatar.
1702 2601 1917 2664 Norveg.
1956 2599 2034 2651 VI.
2072 2599 2362 2655 306-307.

1020 2719 1244 2798 *2485.
1327 2720 1731 2785 Tssriuomuu
1782 2738 2010 2784 rcmrt
2058 2737 2405 2798 castutius,
2458 2721 2626 2798 quod
2672 2723 2890 2783 Ericus
2937 2721 3222 2788 Yuerson
3269 2722 3344 2784 D.
3391 2723 3658 2786 Iohanni
3707 2720 4056 2784 Absolonis

711 2822 982 2902 litteras,
1033 2825 1190 2902 patri
1238 2840 1354 2886 suo
1400 2839 1439 2884 a
1481 2823 1555 2885 D.
1604 2823 1949 2886 Laurencio
1995 2825 2308 2902 Jonsson,
2369 2824 2680 2901 quondam
2729 2825 3005 2903 dapifero
3055 2825 3288 2904 Dacioe,
3349 2842 3539 2903 super
3593 2823 3764 2890 2718
3821 2825 4058 2887 marcis

712 2922 910 3005 datas,
956 2927 1387 3004 assignaverit,
1434 2943 1925 3004 recognoscens,
1974 2944 2041 2988 se
2090 2943 2204 3006 pro
2251 2925 2470 2988 litteris
2520 2927 2770 3004 plenum
2820 2929 3084 3006 pretium
3123 2935 3348 3006 praeter
3397 2928 3476 2992 15
3519 2944 3759 2990 marcas
3807 2930 4058 3004 argenti

710 3028 873 3089 infra
924 3029 1155 3092 festum
1209 3028 1271 3113 b.
1322 3028 1560 3092 Nicolai
1616 3029 1947 3092 solvendas
2006 3029 2388 3091 sublevasse.
2437 3064 2518 3074 -
2567 3027 2638 3088 In
2679 3029 2902 3106 placito
2944 3029 3213 3106 qeneralz·
3263 3031 3498 3108 Feom'e,
3557 3031 3817 3092 sabbato
3869 3047 4056 3110 prox.
4113 3009 4130 3024 ’

712 3137 855 3193 ante
900 3131 1130 3194 festum
1176 3131 1236 3193 b.
1284 3132 1450 3194 Luce
1496 3134 1917 3209 euangelista.

1328 3234 1539 3291 Barner,
1578 3233 1719 3285 Fam.
1758 3234 2159 3285 Rosenkrantz’s
2195 3234 2325 3286 illst.
2363 3234 2401 3293 Ι,
2443 3234 2665 3299 Diplom.
2705 3236 2755 3286 S.
2791 3235 3005 3290 12-13,

1050 3353 1238 3419 2518.
1330 3355 1709 3406 Hauserecesse
1744 3355 1782 3406 1.
1819 3354 1936 3408 254.

1049 3473 1237 3538 2519.
1328 3473 1727 3550 Ηιιιοοτοοοοιο.
1746 3473 1780 3524 1.
1818 3473 2069 3529 255-58,

1021 3592 1238 3658 *2486.
1332 3595 1751 3657 Wstosusaus
1809 3595 1929 3656 dux
1985 3595 2161 3656 lucie
2220 3594 2483 3656 heredes
2535 3595 2799 3673 Haquini
2847 3595 3224 3659 Frellel'sson
3282 3614 3395 3677 pro
3457 3597 3748 3659 omnibus
3811 3601 4058 3674 causiS‚

718 3711 871 3773 quas
909 3702 1126 3757 contra
1158 3695 1331 3776 ipsos
1370 3699 1608 3760 ratione
1656 3699 2139 3778 computationis
2189 3697 2279 3758 vel
2326 3697 2461 3758 aliis
2510 3699 2716 3758 causis
2764 3698 2999 3778 habuit,
3049 3700 3283 3778 quittos
3329 3695 3598 3762 dimittit.
3649 3735 3730 3746 --
3769 3701 4058 3780 synder-

716 3796 921 3876 borqh,
968 3800 1031 3859 in
1081 3798 1357 3861 secunda
1400 3800 1553 3860 feria
1598 3809 1743 3880 post
1786 3802 2015 3863 festum
2063 3801 2123 3860 b.
2172 3799 2420 3862 Martini
2469 3801 2634 3862 conf.

1332 3901 1632 3962 nichelsen,
1675 3902 2263 3966 Urkundensammlung
2300 3902 2357 3954 ll.
2397 3902 2513 3956 264.

1024 4020 1241 4085 *2487.
1334 4021 1688 4085 Hsaussaus
1724 4024 2021 4087 ‘l'ssaows
2056 4025 2235 4085 miles
2273 4025 2698 4102 recognoscit,
2741 4042 2806 4085 se
2844 4023 2918 4085 ab
2956 4023 3203 4088 Alberto
3241 4025 3507 4088 Stenhoi‘
3542 4043 3656 4105 pro
3693 4029 4060 4106 captivitate

720 4125 856 4202 ejus
924 4125 1175 4200 triginta
1242 4141 1483 4187 marcas
1550 4124 1943 4187 denariorum
2014 4128 2353 4206 recepisse.
2415 4164 2495 4173 —
2553 4127 2969 4207 Kopenlaafen,
3041 4128 3194 4190 feria
3260 4129 3536 4191 secunda
3604 4136 3747 4210 post
3814 4131 4060 4193 festum

717 4226 778 4287 b.
827 4226 1074 4289 Martini
1122 4228 1425 4307 episcopi.

1330 4330 1667 4381 urkundenb.
1705 4329 1753 4380 d.
1793 4329 1942 4382 Stadt
1978 4331 2190 4384 Lubeck
2224 4332 2306 4384 ΙΙΙ.
2343 4334 2462 4388 513.

1048 4449 1238 4514 2520,
1328 4449 1709 4502 Hauserecessa
1742 4450 1779 4501 1.
1816 4450 2069 4505 258-62.

1024 4567 1241 4633 ¹248&
1332 4569 1643 4633 Consonus
1696 4587 2003 4636 rivlTATtltt
2048 4591 2443 4638 mantuanum
2489 4577 2870 4655 Gripeswold
2927 4581 3286 4656 congregati
3343 4577 3732 4660 (consulibus
3779 4578 4064 4644 civitatis

721 4672 1168 4755 Revaliensis?)
1208 4675 1517 4750 nuntiant,
1556 4679 1806 4750 treugas
1842 4676 2003 4737 inter
2040 4693 2248 4752 regem
2281 4677 2591 4740 Danorum
2630 4686 2691 4741 et
2715 4681 2993 4743 civitates
3029 4683 3368 4744 maritimas
3403 4683 3466 4742 in
3499 4681 3660 4744 festo
3695 4683 4064 4762 epiphaniae

724 4776 970 4837 Domini
1018 4777 1298 4855 proximo
1345 4778 1762 4857 exspiraturas
1810 4795 1973 4840 esse.
2024 4814 2103 4824 —-
2151 4777 2218 4838 ln
2267 4783 2542 4844 crastino
2589 4801 2641 4844 s.
2693 4783 3039 4864 Elizabetoe,
3087 4787 3222 4846 sine
3268 4802 3455 4847 anno.

1336 4879 1531 4941 nunge,
1572 4877 1727 4938 Ltv.-,
1765 4879 1895 4931 Estb
1918 4906 1939 4917 -
1978 4893 2028 4930 u.
2068 4881 2479 4934 Curiandlscbes
2517 4885 2853 4938 Urlmndenb.
2889 4885 2948 4936 ll.
2988 4886 3104 4940 713.
3175 4887 3556 4939 {lausei-ecesse
3591 4889 3628 4939 1.
3664 4887 3784 4942 262.

1053 4997 1243 5063 2521.
1332 4997 1449 5050 Udt.
1485 5010 1584 5062 paa
1622 4999 1795 5050 Dansk
1830 5001 1847 5049 l
1882 4999 2148 5061 Hvltieldt,
2187 5002 2370 5055 Danm.
2409 5004 2568 5068 Rigas,
2601 5003 2757 5056 Kren.
2797 5009 2848 5057 S.
2878 5005 2980 5060 503
3015 5007 3316 5072 (Kvartudg.
3357 5006 3436 5058 111,
3473 5007 3615 5072 503),

1053 5118 1245 5185 2522.
1336 5117 1547 5170 meursii
1583 5119 1749 5182 Opera
1785 5119 1866 5170 IX
1902 5119 2020 5174 527.
3223 5095 3228 5102 .
