4275 5759
1253 382 1470 457 Kone
1519 383 1916 457 VALDEMAR
1965 406 2098 456 DEN
2155 386 2425 457 Annsu.
3386 388 3487 459 47

3614 563 3801 629 1226.

523 658 697 724 ⁶198.
790 660 1085 722 niz-umens
1134 676 1238 721 rex
1281 659 1514 737 Angliae
1561 660 1906 722 vicecomiti
1952 657 2209 721 Norfolk
2254 660 2553 739 praecipit,
2600 666 2669 722 ut
2713 657 2789 721 de
2836 661 3037 737 equis,
3096 660 3201 737 qui
3244 660 3491 743 veniant
3550 667 3640 722 47.
3676 667 3915 730 Augusti.

227 762 358 841 apud
404 762 759 825 lernernuth
817 768 879 823 et
930 760 1354 838 Ludingeland
1415 762 1490 823 de
1546 768 1712 824 terra
1765 763 1931 839 regis
1975 761 2165 823 Dacis
2218 762 2500 842 venaleS,
2560 764 2679 825 emi
2734 762 2919 823 faciat
2974 761 3051 822 ad
3108 778 3266 840 opus
3325 764 3517 838 regis·

229 866 456 943 quinque
498 864 592 926 vel
639 880 750 927 sex
794 864 1148 943 palefrenos
1193 863 1269 925 de
1313 864 1699 926 melioribus.
1745 896 1830 911 —-
1874 850 2071 941 Apud
2097 863 2411 940 Πανείου-ά,
2456 864 2639 927 xvn.
2688 863 2787 925 die
2832 864 3015 941 Aug„
3042 880 3227 925 -anno
3281 863 3393 924 X0.

793 965 978 1030 unrdy,
1016 965 1192 1017 Rotull
1227 965 1520 1018 litterarum
1556 964 1857 1017 clausarum
1891 965 1954 1017 11.
1991 964 2106 1019 133.

529 1068 703 1135 *199.
793 1070 861 1132 L.
910 1070 987 1131 de
1031 1070 1254 1148 Esron,
1300 1070 1572 1145 Hamus)
1620 1068 1694 1131 de
1743 1069 1895 1130 Sora
1940 1067 2086 1129 dicti
2131 1067 2386 1131 abbates
2432 1070 2495 1129 in
2534 1069 2725 1131 Dacia
2753 1068 3189 1141 cisterciensis
3238 1067 3495 1147 ordinis,

230 1170 614 1234 Roskildensis
671 1171 979 1251 diocesis,
1048 1177 1266 1233 notum
1326 1172 1588 1251 faciunt,
1659 1171 1912 1233 domum
1977 1170 2054 1233 de
2115 1171 2366 1250 Capella
2425 1171 2659 1234 ordinis
2723 1171 3162 1235 cisterciensis
3224 1169 3496 1233 diocesis
3550 1198 3563 1213 ·

227 1274 597 1337 Tornacensis
645 1274 956 1353 quoddam
1001 1274 1352 1371 depositum
1395 1275 1622 1351 reginae
1658 1274 1952 1352 Franciae,
1998 1272 2284 1336 videlicet
2329 1275 2699 1352 quingentas
2733 1279 2795 1336 et
2830 1272 3234 1352 quadraginta
3254 1288 3496 1334 marcas

232 1378 658 1455 sterlingorum,
731 1394 800 1438 se
858 1376 1270 1455 praeseutibus
1336 1376 1507 1437 fratri
1553 1377 1844 1454 Henrico,
1903 1375 2305 1455 hospitalario
2362 1376 2437 1438 de
2483 1376 2855 1456 Laipradoni
2882 1423 2898 1456 ,
2955 1377 3160 1439 fratris
3222 1374 3495 1437 Gausridi
3544 1446 3547 1451 ¹

230 1479 474 1541 mandato
515 1479 646 1555 regi
691 1479 888 1541 Dacie
934 1477 1423 1541 transducendas
1467 1479 1838 1542 restituisse.

793 1581 1023 1659 Cronlca
1056 1586 1107 1632 et
1142 1581 1484 1634 cartularium
1521 1583 1825 1634 monasterii
1863 1580 1926 1632 de
1961 1580 2126 1632 Dunls
2165 1581 2217 1633 S.
2253 1580 2369 1635 530.

558 1683 684 1750 715
727 1678 798 1749 se
841 1682 1017 1751 *200.

1539 1912 2171 1998 1226-1241:
3032 2030 3041 2045 ·
3520 1938 3929 2026 ,1226-1241.

265 2058 501 2137 ’Ἄκης
531 2060 697 2137 715),
789 2061 974 2112 Brevet
1010 2060 1108 2111 kan
1147 2073 1328 2125 naeppe
1362 2062 1676 2113 bestemmes
1715 2065 1890 2125 nojere
1935 2062 2038 2113 end
2075 2076 2191 2113 som
2224 2062 2519 2114 tilher-ende
2553 2063 2715 2115 Tiden
2753 2065 2882 2116 efter
2916 2064 3158 2129 Kongens
3196 2064 3491 2127 Frigivelse.

1716 2257 1967 2357 1'227.
2786 2368 2791 2375 .
3606 2298 3801 2367 1227.

558 2420 704 2486 717,
791 2420 908 2475 Udt.
945 2423 965 2475 l
999 2420 1244 2483 Pol-than,
1279 2421 1524 2473 Accessio
1561 2421 1613 2474 S.
1649 2422 1732 2478 21.
3258 2498 3265 2505 .
3560 2435 3609 2489 4,
3636 2436 3792 2489 ‚pam

556 2524 700 2589 718,
789 2524 907 2577 udt.
945 2527 963 2576 l
998 2524 1242 2585 Porthan,
1279 2524 1524 2576 Accesslo
1561 2525 1612 2575 S.
1649 2524 1732 2579 21.
3560 2534 3608 2591 4,
3646 2536 3794 2591 Febr,

525 2628 699 2692 *201.
788 2629 1151 2709 EusncmS,
1199 2628 1402 2689 dictus
1447 2630 1616 2708 prior
1677 2627 1754 2691 de
1815 2628 2065 2707 Capella
2118 2630 2184 2689 in
2230 2628 2543 2707 Flandria,
2603 2634 2821 2691 notum
2876 2630 3051 2707 facit,
3113 2646 3180 2691 se
3224 2647 3263 2691 a
3304 2630 3489 2691 fratre
3559 2640 3609 2694 5.
3650 2639 3850 2705 Septbr.

231 2728 477 2793 Gautrido
503 2730 768 2809 quodam
791 2730 1194 2811 hospitalario
1213 2730 1520 2809 quandam
1539 2747 1843 2793 summam
1860 2732 2140 2811 pecuniae
2162 2732 2641 2822 quingentarum
2654 2748 3001 2807 marcarum
3018 2737 3078 2793 et
3092 2731 3495 2809 quadraginta

232 2836 278 2889 et
313 2848 512 2895 novem
556 2832 993 2910 sterlingorum
1037 2835 1201 2915 apud
1249 2834 1561 2915 Capellam
1607 2850 1806 2914 nuper
1849 2836 2189 2913 recepisse,
2252 2843 2319 2894 ut
2376 2833 2453 2895 ad
2498 2850 2719 2913 preces
2776 2834 3004 2911 regin'ae
3050 2834 3320 2895 Franciae
3381 2852 3493 2915 per

229 2934 540 3021 praedictum
583 2936 1049 3017 hospitalarium
1095 2939 1228 3015 regi
1271 2936 1461 3000 Dacie
1505 2942 1846 2999 memorata
1888 2938 2155 3015 pecunia
2194 2938 2259 2999 in
2303 2938 2585 3017 proximo
2631 2938 3100 3002 transmittatur.
3146 2971 3227 2981 —
3272 2936 3490 3000 Mense

231 3034 584 3117 Septembris,
629 3042 692 3101 in
739 3040 973 3103 octavis
1018 3039 1448 3103 decollationis
1495 3041 1696 3102 sancti
1739 3040 2044 3101 Johannis
2085 3035 2377 3118 baptiste.

839 3140 1066 3193 Cronlca
1098 3147 1152 3194 et
1183 3142 1525 3195 cartularium
1561 3143 1868 3193 monasterii
1903 3140 1968 3193 de
2002 3140 2167 3193 Dunls
2206 3142 2258 3193 S.
2292 3142 2409 3196 531.

559 3246 703 3310 719,
791 3244 1128 3298 urkundenb.
1167 3244 1214 3297 d.
1253 3244 1404 3303 Stadt
1427 3244 1640 3298 Lubeck
1673 3245 1710 3295 l.
1745 3244 1828 3299 53.
1885 3244 2088 3309 Bunge,
2127 3245 2291 3304 le.-,
2330 3245 2505 3296 Esth.-
2544 3257 2595 3294 u.
2635 3244 3043 3297 Cnrlandtsches
3078 3243 3413 3297 Urkundenb.
3450 3245 3487 3296 1.

787 3331 901 3386 117.
972 3332 1289 3383 Hanslscbes
1338 3331 1675 3384 Urkundenb.
1711 3330 1748 3381 1.
1786 3331 1866 3385 67.
1939 3331 2149 3382 Brudst.
2191 3333 2210 3380 i
2254 3330 2405 3401 tydsk
2440 3331 2617 3381 Overs.
2654 3333 2671 3381 i
2708 3332 2945 3396 Uslnger,
2984 3330 3492 3383 Deutschsdanlsche

790 3418 975 3469 Gesch.
1013 3418 1066 3469 S.
1101 3417 1204 3471 391
1239 3432 1302 3483 og
1340 3421 1357 3468 i
1392 3418 1718 3475 Hausmann,
1764 3416 1865 3468 Das
1919 3416 2120 3481 Rlngen
2169 3416 2259 3467 der
2293 3416 2590 3467 Deutschen
2636 3429 2687 3466 u.
2726 3417 2904 3470 Danen
2954 3430 3047 3467 um
3082 3417 3301 3468 Estland
3336 3418 3387 3467 S.
3427 3418 3493 3470 76

789 3504 921 3559 -77
959 3503 1106 3567 (livor
1141 3518 1299 3569 ogsaa
1333 3502 1713 3568 Undersogelse
1749 3515 1836 3553 om
1870 3502 2066 3567 Tlden).
3068 3528 3070 3530 ·

1536 3711 1758 3796 1227
1772 3714 2145 3798 -1228,
3529 3721 3929 3788 1227-1228.

556 3862 674 3927 721
724 3880 793 3925 se
838 3862 1013 3929 *204
2920 3880 2958 3883 ⁴·

1716 4073 1968 4157 1228.
2338 4132 2347 4141 -
3392 4185 3399 4194 ⁸
3614 4064 3847 4163 1228.'

553 4222 697 4288 722,
792 4223 998 4307 Brudst.
1037 4225 1054 4274 l
1090 4222 1286 4283 Moller,
1325 4223 1812 4288 Foru-Handllngar
1847 4223 2072 4275 rorando
2106 4221 2327 4274 Balland
2364 4223 2415 4275 S.
2452 4222 2533 4278 15.
3552 4234 3635 4287 22,
3674 4235 3818 4286 Febr,

523 4324 694 4391 ⁴202.
783 4326 983 4390 Isoms
1028 4328 1363 4390 verdensis
1422 4329 1702 4408 episcopi
1745 4328 1994 4407 litterae,
2042 4329 2105 4388 in
2153 4328 2377 4405 quihus
2423 4326 2721 4407 declarat,
2783 4330 2835 4390 si
2882 4347 2988 4391 nex
3033 4328 3323 4394 Dauoamr
3369 4328 3486 4391 sibi
3558 4337 3643 4390 10.
3678 4338 3809 4398 maji.

231 4418 286 4481 de
325 4423 543 4488 damnis
598 4429 718 4490 sibi
775 4434 839 4491 et
883 4429 1164 4492 ecclesiae
1213 4447 1342 4493 suae
1387 4446 1426 4491 a
1468 4429 1721 4492 domino
1767 4430 1842 4493 de
1888 4430 2259 4493 Luneborcb
2306 4436 2367 4492 et
2411 4433 2549 4508 ejus
2594 4431 2780 4493 illatis
2828 4432 3228 4510 satisfecerit,
3286 4437 3483 4493 ratum

231 4522 334 4685 §iffi
361 4530 600 4697 [i'gritegff
622 4537 684 4594 et
727 4537 1052 4612 acceptum
1113 4534 1267 4595 fore.
1317 4567 1396 4577 —
1453 4532 1524 4593 In
1581 4533 1680 4595 die
1737 4538 2092 4595 sanctorum
2154 4532 2445 4595 Gordiani
2504 4540 2566 4596 et
2608 4534 2979 4613 Epymachi‚
3051 4535 3155 4611 qui
3218 4536 3490 4596 occurrit

425 4650 495 4695 us
601 4651 700 4714 aJ1.

781 4736 986 4798 Scheid,
1025 4738 1162 4802 orig.
1203 4737 1370 4789 Guelf.
1411 4737 1489 4790 IV.
1527 4737 1773 4792 113—15.
1852 4738 2173 4799 Sudendorf,
2226 4738 2653 4791 Urkundenbuch
2709 4754 2751 4789 z.
2802 4737 3113 4790 Geschlchte
3158 4738 3205 4787 d.
3263 4738 3490 4802 Herzoge

789 4838 836 4875 v.
886 4824 1287 4889 Braunschweig
1335 4839 1385 4875 u.
1436 4806 1791 4889 Lfineburg'l.
1829 4824 2045 4879 11-12.
2095 4824 2428 4888 flodenberg,
2476 4825 2736 4877 verdener
2773 4823 3293 4887 Geschichtsquellen
3334 4824 3383 4873 S.
3420 4824 3487 4878 81

786 4908 931 4963 -82,
992 4910 1504 4975 ueklenhurglsches
1531 4909 1866 4962 Urlmndenb.
1905 4909 1940 4961 1.
1978 4910 2094 4963 339.

261 5002 386 5072 '203
417 5012 506 5083 (-....—
534 5012 698 5085 728),
787 5014 1116 5067 Aarsberetn.
1172 5014 1252 5066 fra
1306 5013 1694 5066 Gebelmearch.
1744 5012 1798 5064 V.
1844 5012 1878 5064 9
1933 5012 2070 5075 (med
2123 5013 2221 5063 den
2279 5019 2485 5064 naevnte
2528 5012 3053 5076 Tidsbestemmelse).
3124 5013 3247 5065 Jvrr.
3298 5012 3481 5071 Suhm,
3518 5016 3651 5067 Ante
3678 5015 3759 5068 11.
3789 5014 3929 5066 Julll.

783 5098 912 5149 nist.
949 5100 1004 5149 af
1035 5099 1234 5154 nanm..
1255 5099 1336 5150 lx.
1373 5098 1626 5153 572-73.
