4275 5759
474 610 660 677 1225.

408 798 492 853 29.
528 800 710 852 Decbr.

783 338 884 409 46
1853 328 2070 403 Kone
2124 328 2521 403 Vanam
2572 351 2710 403 neu
2764 332 3035 410 Annus.

1392 606 1471 657 lv.
1511 604 1760 659 116—19.
1837 604 2138 668 Brudstykk.
2179 606 2196 656 i
2231 603 2383 668 tydsk
2419 603 2595 657 overe.
2636 606 2653 655 l
2687 605 2933 671 Usinger,
2980 607 3494 677 Deutschr-danische
3528 608 3715 661 Geach.
3755 609 3806 660 S.
3844 606 4095 663 348-52.

1393 691 1570 743 Dansk
1605 690 1717 743 Udt.
1755 692 1773 741 i
1810 690 1994 749 Suhm,
2033 688 2165 742 Hist.
2199 690 2255 740 af
2288 690 2470 741 Danm.
2507 690 2589 743 lx.
2625 690 2877 747 495—98.

1129 795 1302 859 *191.
1392 794 1690 857 Hernicus
1735 810 1842 855 rex
1886 791 2120 869 Anglioe
2165 792 2428 854 baillivis
2474 793 2550 855 de
2596 792 2770 857 Lenn
2814 795 3086 875 mandat,
3134 801 3202 858 ut
3245 796 3693 860 mercatoribus
3738 795 3993 858 bladum
4038 799 4096 858 in

661 980 672 997 ι
781 900 1167 976 Norwegiam
1214 905 1275 960 et
1317 886 1780 965 Brauniacum!
1828 900 1889 957 et
1932 894 2279 956 Flandriam
2326 900 2386 955 et
2429 896 2572 958 alibi
2618 904 3025 978 praeterquam
3074 900 3137 959 in
3181 905 3553 980 potestatem
3615 901 3779 976 regis
3826 898 4095 961 Franciae

783 1002 1010 1065 ducere
1055 1003 1430 1081 permittant.
1477 1034 1560 1045 -
1605 998 1807 1061 XXIX.
1857 997 1954 1059 die
2000 996 2177 1076 Dec„
2225 1014 2388 1060 anno
2436 998 2568 1062 911⁰.

1391 1102 1576 1168 Hardy,
1614 1102 1791 1154 Rotuli
1825 1100 2120 1155 litterarum
2157 1099 2459 1151 clausarum
2494 1101 2553 1152 li.
2593 1101 2673 1155 10.

1131 1205 1302 1271 *192
1379 1206 1663 1281 Pauus)
1721 1205 2235 1284 archiepiscopus
2291 1205 2643 1267 Lundensis
2712 1205 3106 1269 collationem
3179 1208 3461 1269 ecclesiae
3536 1208 3735 1269 sancti
3791 1206 4097 1269 Iohannis

782 1310 1072 1389 Baptistae
1100 1308 1579 1386 Ringstadensis
1626 1306 1701 1369 ab
1751 1308 1919 1369 omni
1963 1308 2096 1368 iure
2144 1312 2205 1367 et
2250 1307 2569 1369 exactione
2616 1307 2957 1389 episcopali
3001 1308 3210 1370 liberae
3260 1315 3322 1371 et
3365 1310 3680 1388 immunis,
3728 1308 3803 1370 ab
3831 1310 4099 1386 Andrea,

781 1412 1256 1491 archiepiscopo
1301 1410 1638 1489 Lundensi,
1687 1415 1748 1471 et
1792 1410 1976 1470 fratre
2024 1411 2160 1487 ejus
2206 1408 2411 1491 Petro,
2460 1412 2762 1491 episcopo
2809 1409 3233 1491 Roskildensi,
3280 1410 3573 1473 fratribus
3619 1410 4103 1489 Ringstadensis

780 1513 1064 1576 ecclesiae
1107 1514 1355 1592 factam,
1406 1511 1749 1575 confirmat.

1390 1615 1596 1666 Danska
1630 1614 1860 1678 Magazln
1897 1614 1934 1664 1.
1975 1611 2193 1668 72-73.

1129 1717 1298 1783 ’.193
1393 1718 1665 1793 Poemus)
1745 1717 2259 1807 archiepiscopus
2339 1717 2692 1780 Lundensis
2776 1712 3169 1781 collationem
3246 1719 3503 1782 decimae
3582 1719 3965 1833 episcopalis
4032 1719 4103 1781 de

778 1821 1083 1901 Bynlesse
1130 1820 1575 1898 Ringstadensi
1620 1820 1918 1883 ecclesiae
1949 1836 1986 1881 a
2026 1819 2597 1900 praedecessoribus
2646 1822 2777 1883 suis
2822 1822 3047 1884 factam
3093 1822 3437 1885 confirmat.

1390 1923 1596 1974 Danske
1631 1922 1858 1986 Magazin
1895 1922 1932 1973 1.
1971 1922 2054 1976 72.
2851 1944 2858 1952 ·

1129 2025 1304 2090 *194.
1394 2026 1702 2087 Buawwus
1747 2024 2259 2105 Magnopolensis
2306 2026 2598 2087 dominus
2644 2026 2880 2089 civibus
2928 2026 3003 2089 de
3052 2026 3370 2089 Chotebuz
3398 2027 3813 2103 (Gadebusch)
3838 2028 4103 2089 eandem

783 2130 1150 2208 libertatem,
1199 2145 1382 2207 quam
1426 2126 1776 2189 Fridericus
1823 2127 2134 2205 quondam
2182 2128 2608 2191 Romanorum
2656 2130 2989 2207 imperator
3034 2128 3487 2191 Lubicensibus
3534 2136 3597 2191 et
3639 2147 3747 2192 rex
3778 2128 4104 2193 Danorum

778 2232 1204 2295 Wmmnmnus
1251 2229 1685 2294 Mulnensihus
1731 2228 2142 2308 indulserunt,
2190 2231 2487 2307 indulget.

1390 2332 1902 2396 Heklenburgisches
1936 2331 2275 2384 Urkundenb.
2315 2334 2348 2384 Ι.
2386 2332 2502 2386 302.

1127 2434 1301 2501 *195.
1390 2437 1652 2499 Lunum
1696 2440 1758 2495 et
1803 2435 2179 2498 Gonnscircn
2224 2437 2480 2499 fratrum
2526 2412 2869 2499 nit‘Pussr
2922 2438 3297 2513 litter-assiu
3356 2437 3580 2515 quibus
3637 2437 4023 2515 colloquium
4069 2455 4106 2499 a

651 2577 661 2587 -
780 2557 926 2616 rege
950 2540 1241 2601 Heinrico
1289 2543 1351 2600 et
1392 2536 1748 2615 Egelberto‚
1794 2537 2158 2599 Coloniensi
2205 2541 2526 2620 episcopo,
2574 2545 2635 2600 et
2680 2540 2815 2600 aliis
2861 2540 3247 2619 principibus
3297 2558 3486 2620 super
3530 2542 3879 2619 captivitate
3926 2558 4099 2603 nucis

471 3070 655 3136 1226.

379 3224 468 3277 20.
501 3223 707 3287 Aprilis.
817 3230 824 3237 ·

455 3737 539 3792 23.
577 3738 710 3799 Hali.

466 4249 514 4302 9.
551 4250 709 4301 lunii.

467 4607 516 4659 9.
552 4607 718 4661 Junii.
797 4604 804 4609 '

217 4836 222 4841 ,
338 4779 470 4830 Anto
491 4778 748 4831 mannii.

432 4966 517 5019 26.
552 4966 714 5017 lunii.

781 2643 968 2705 Dicis
1011 2643 1075 2702 in
1121 2641 1494 2704 Luneburhc
1540 2638 1816 2702 habitum
1864 2648 2403 2703 commemoratur.
2452 2675 2535 2685 —
2580 2642 2725 2703 Sine
2772 2658 2956 2703 anno.

1391 2741 1715 2803 Sadendorf,
1754 2741 2053 2805 Registrum
2088 2742 2215 2794 oder
2248 2744 2631 2807 merkwurdige
2656 2742 2940 2796 Urkunden
2977 2745 3011 2796 t.
3050 2744 3099 2795 d.
3137 2744 3389 2797 deutsche
3409 2744 3720 2797 Geschichte
3754 2744 3838 2796 111.
3874 2744 4102 2799 55—56.

1391 2828 1726 2881 Urkundenb.
1765 2828 1814 2879 d.
1851 2828 2035 2880 histor.
2073 2828 2289 2881 Vereins
2327 2830 2359 2880 t'.
2400 2829 2813 2882 Niedersachsen
2851 2829 2909 2880 11.
2949 2830 3063 2885 107.

2322 3056 2572 3139 1226.

1125 3205 1299 3271 *196.
1389 3208 1745 3282 wormiam)
1804 3208 2084 3286 episcopi
2149 3206 2525 3269 Mutinensis
2580 3206 2940 3285 apostolica}
2998 3206 3166 3268 sedis
3222 3206 3407 3285 legati
3450 3208 3665 3270 litterae
3712 3207 3789 3270 de
3837 3216 4101 3271 contro-

778 3312 997 3373 versiis
1043 3311 1203 3370 inter
1246 3308 1563 3371 Albertum
1611 3309 1878 3391 Livoniae
1925 3310 2289 3389 episcopum
2336 3317 2397 3370 et
2438 3310 2805 3386 magistrum
2849 3310 3080 3371 militiae
3130 3308 3391 3389 Christi,
3449 3312 3512 3371 in
3561 3311 3784 3388 quibus
3840 3310 4101 3373 donatio

779 3413 1074 3491 Estoniae,
1124 3428 1258 3488 quae
1305 3427 1416 3491 per
1461 3411 1828 3490 episcopum
1875 3428 2004 3473 naci
2032 3410 2319 3473 Danoauu
2364 3412 2528 3473 facta
2570 3411 2909 3491 dicebatur,
2956 3419 3497 3476 commemoratur.
3528 3448 3601 3458 —-
3634 3412 3802 3490 Rima,
3853 3413 4101 3483 duode-

781 3518 942 3577 cimo
989 3512 1281 3577 calendas
1323 3513 1490 3575 Maii.

1391 3615 1586 3678 Bunga,
1624 3614 1780 3675 Liv.-,
1817 3614 1993 3666 Esth.-
2031 3629 2083 3665 u.
2121 3616 2531 3669 Curiandisches
2566 3616 2902 3669 Urkundenb.
2940 3616 2977 3667 1.
3016 3616 3301 3673 101—102.
3331 3644 3337 3653 ·

1130 3718 1304 3783 *197.
1397 3718 1705 3780 winstat
1770 3717 2145 3781 Mutinensis
2204 3720 2485 3799 episcopi
2550 3720 2909 3800 apostolicae
2956 3698 3146 3782 'sedis
3204 3721 3389 3797 legati
3442 3722 3695 3799 litterae,
3742 3721 3806 3782 in
3866 3721 4101 3799 quibus

783 3827 1250 3899 commemorat,
1296 3820 1502 3883 Dauos
1534 3819 1937 3881 Wirlandiam
1981 3820 2368 3902 possedisse,
2416 3827 2478 3884 et
2522 3839 2589 3884 se
2636 3826 2857 3901 postea
2898 3823 3065 3885 illam
3110 3829 3333 3885 terram
3381 3824 3457 3885 de
3502 3824 3820 3885 communi
3869 3825 4099 3886 volun-

781 3930 902 3985 tate
947 3924 1262 3986 Danorum
1313 3931 1374 3985 et
1429 3924 1915 3986 Teutonicorum
1970 3926 2036 3984 in
2079 3940 2330 3986 manum
2392 3929 2455 3987 et
2511 3925 2855 3988 custodiam
2917 3926 3199 3987 ecclesiae
3261 3925 3558 3988 Romanae
3615 3926 3965 4006 accepisse.
4018 3960 4100 3971 —

779 4026 958 4104 Apud
1003 4028 1410 4105 Dunemunde,
1454 4026 1526 4088 X.
1575 4026 1688 4087 cal.
1737 4024 1924 4105 Junii,
1973 4027 2107 4089 sine
2154 4044 2341 4090 anno.

1392 4129 1587 4194 Bunge,
1625 4127 1781 4188 Liv.-,
1818 4127 1993 4179 Esth.-
2031 4143 2082 4179 u.
2120 4129 2530 4182 Curiandlsches
2566 4129 2902 4182 Urkundenb.
2940 4130 2975 4181 1.
3016 4129 3301 4185 104-106.

1159 4232 1303 4296 709,
1392 4231 1699 4295 Brudstykk.
1737 4234 1755 4281 i
1791 4231 2303 4296 Meklenburgisches
2323 4233 2657 4286 Urkundenb.
2696 4234 2731 4285 l.
2767 4233 3020 4288 319-20.
3074 4234 3189 4285 Udt.
3228 4236 3245 4285 i
3279 4233 3829 4293 Huillard·Breholles,
3868 4234 4101 4287 Historia

1391 4317 1656 4382 diplomat.
1692 4316 1938 4369 Friderici
1969 4320 2190 4370 secundi
2226 4318 2287 4379 11,
2324 4319 2373 4372 2.
2412 4320 2462 4369 S.
2484 4318 2768 4373 608-609,
2825 4320 2923 4371 Om
2960 4320 3142 4371 Brevet
3177 4334 3234 4371 se
3268 4320 3653 4381 winkelmann,
3692 4319 3879 4371 Gesch.
3917 4320 4103 4373 Kaiser

1389 4402 1652 4453 Friedrich
1698 4401 1789 4453 des
1825 4404 2050 4455 Zweiten
2089 4402 2429 4458 1212—1235
2478 4405 2528 4456 S.
2565 4404 2685 4459 242.
2756 4404 2820 4457 Et
2854 4406 3171 4457 tilsvarende
3208 4406 3337 4458 Brev
3374 4406 3583 4458 sendtes
3618 4406 3679 4456 til
3713 4405 4013 4471 Bisltoppen
4051 4408 4107 4458 ai'

1396 4488 1564 4539 Porto.
1635 4487 1751 4539 Udt.
1789 4492 1804 4539 i
1841 4489 2026 4549 Suhm,
2065 4488 2193 4542 Eiet.
2232 4490 2287 4541 ai
2318 4489 2499 4542 Danm.
2538 4491 2617 4542 lx.
2657 4490 2757 4545 765
2792 4503 2857 4554 og
2892 4494 2910 4542 i
2947 4491 3297 4555 Memenburg.
3332 4491 3669 4543 Urkundenb.
3706 4490 3743 4541 i.
3778 4490 3896 4545 320.

1161 4594 1305 4659 710,
1397 4594 1687 4657 Scriptores
1739 4605 1918 4644 rerum
1972 4593 2260 4644 Livonicar.
2315 4592 2351 4643 1.
2404 4594 2519 4647 393.
2592 4593 3101 4658 Meklenburgisches
3155 4595 3490 4646 Urkundenb.
3544 4595 3580 4645 1.
3633 4592 3750 4648 318.
3826 4594 4036 4647 ernust.
4084 4604 4099 4649 i

1392 4679 1544 4743 tydsk
1578 4680 1754 4732 overe.
1795 4682 1812 4729 i
1847 4678 2084 4742 Usinger,
2125 4679 2637 4732 Deutsch-dfinische
2673 4679 2859 4732 Gesch.
2898 4680 2950 4731 S.
2988 4680 3105 4735 364.

1160 4765 1305 4830 712,
1396 4765 1650 4829 Regesten
1687 4766 1784 4817 ber
1821 4764 2013 4829 udgaa‚
2053 4763 2118 4815 da
2152 4764 2345 4817 ‘Citatet
2388 4778 2443 4817 er
2488 4768 2703 4830 urigtigt
2758 4766 2887 4829 (Jvtr.
2936 4766 3179 4831 Usinger,
3226 4766 3737 4819 Deutsch·danische
3782 4766 4103 4819 Geschichte

1393 4852 1444 4903 S.
1480 4851 1750 4915 363—64).

1161 4953 1306 5018 713,
1395 4952 1603 5006 Brudst.
1657 4958 1676 5004 i
1731 4953 2242 5017 Menenhurgisches
2290 4954 2625 5030 Urliundenb.
2654 4953 2709 5021 J.
2755 4954 2855 5009 321
2912 4956 2981 5018 (S.
3017 4954 3121 5009 320
3166 4956 3386 5009 omtaics
3424 4955 3488 5008 da
3524 4959 3539 5005 i
3576 4957 3737 5007 Noten
3782 4956 3845 5007 tii
3880 4956 3965 5007 Nr.
3992 4956 4099 5011 713

1395 5046 1602 5091 naevnte
1640 5042 1800 5091 Breve
1835 5038 1902 5090 ti}
1933 5040 2120 5103 Bispen
2159 5040 2214 5089 ai*
2246 5038 2445 5090 verdeu
2484 5054 2545 5103 og
2582 5040 2827 5091 Abbeden
2864 5042 2921 5092 ar
2950 5040 3199 5103 Limam).
