4275 5759
719 361 866 432 256
1643 460 1652 467 .
1823 358 2040 431 Kone
2095 356 2491 431 VALDEMAR
2550 360 2943 429 Amnum.

2051 499 2084 506 ..-

3972 496 4008 503 -

403 528 591 595 1341.
1078 589 1086 598 .

312 632 362 687 3-
399 633 642 697 Augusti.
1019 620 1236 697 *17'97.
1330 636 1620 697 Srreorns
1655 632 1992 697 Nncrsssm«
2039 640 2102 695 et
2137 634 2415 698 Knoms
2452 634 2789 696 Nnctnsson
2838 633 3215 711 concedunt,
3262 639 3332 693 ut
3374 630 3717 693 Nicholaus
3753 632 4054 692 Getaeson

713 751 906 811 gener
941 735 1108 796 bona
1141 752 1255 797 sua
1288 738 1349 797 in
1385 734 1829 798 wabaerutboe
1868 742 1928 798 et
1962 738 2158 798 Wikae
2193 736 2255 797 in
2294 736 2617 798 Hailandia
2652 738 2791 815 sita,
2841 753 2977 814 qum
3021 752 3161 798 cum
3194 749 3386 796 uxore
3423 732 3663 811 habuit,
3710 732 4056 797 Benedicto

716 838 1104 899 Arnwithson
1153 837 1395 899 vendat.
1446 872 1526 881 ——
1575 836 2022 917 Helsinqboryh,
2072 840 2171 901 die
2218 840 2607 903 invencionis
2653 839 2713 900 b.
2766 839 3064 919 Stephani
3112 837 3635 918 prothomartiris.

1327 938 1459 1004 Dipl.
1499 942 1738 1001 Svecan„
1776 941 1855 993 ed.
1896 942 1948 992 Β.
1979 941 2036 991 Ε.
2069 941 2391 993 Hildebrand
2428 943 2483 992 V.
2520 942 2604 995 58.

278 1080 361 1134 25.
399 1080 643 1143 Augusti.
1045 1076 1235 1140 2213,
1329 1077 1514 1136 Kinch,
1555 1076 1684 1128 Ribe
1720 1077 1818 1141 Bys
1857 1078 1986 1129 llist.
2024 1078 2179 1128 indtil
2221 1080 2443 1130 Reform.
2484 1079 2533 1129 S.
2567 1076 2819 1131 188-89.

279 1216 364 1271 28.
403 1217 648 1280 Augusti·
1049 1214 1238 1279 2214,
1333 1213 1463 1278 Dlpl.
1503 1214 1741 1273 Svecan„
1777 1214 1859 1265 ed.
1898 1215 1952 1265 B.
1982 1214 2040 1265 E.
2073 1215 2390 1266 Hildehrand
2427 1215 2481 1265 V.
2518 1215 2601 1269 62.

355 1353 400 1406 l·
440 1352 647 1418 septbr.
1047 1349 1236 1414 2215.
1329 1360 1551 1410 natum
1591 1373 1676 1409 er:
1735 1348 2181 1431 Kalandborqh,
2223 1352 2335 1413 des
2374 1351 2771 1414 sonauendes
2808 1369 2889 1412 na
2923 1356 3099 1411 sante
3124 1350 3447 1411 Johannes
3479 1349 3791 1429 baptisten
3828 1348 4057 1427 daghe,

716 1453 808 1515 als
856 1472 952 1515 em
1000 1448 1103 1513 dat
1149 1452 1342 1514 bouet
1384 1453 1787 1530 afgheslagen
1835 1462 2000 1515 wart.
3672 1451 4059 1530 (Plattydsk.l

1330 1555 1462 1620 Dipl.
1502 1555 1740 1615 Svecan„
1779 1556 1858 1607 ed.
1897 1556 1951 1605 B.
1980 1556 2038 1606 E.
2070 1556 2391 1607 Hildebrand
2428 1557 2485 1607 V.
2523 1556 2743 1610 62—65.
2778 1584 2849 1592 —
2884 1554 3197 1619 Angaaende
3233 1555 3321 1607 det
3357 1557 3373 1605 i
3410 1554 3541 1618 Dlpl.
3574 1556 3792 1605 Svecan.
3830 1554 4062 1605 hei-efter

1335 1641 1562 1693 indsatte
1600 1643 1732 1693 Brev
1767 1641 2003 1701 (beufort
2035 1642 2098 1693 tn
2133 1641 2348 1693 mellem
2389 1642 2434 1695 1.
2474 1656 2537 1706 og
2574 1642 2658 1695 22.
2697 1642 2945 1708 Septim),
2983 1656 3041 1692 se
3076 1642 3159 1692 Nr.
3192 1640 3373 1695 *1825

315 1766 398 1819 30.
437 1766 645 1830 septbr.
949 1840 956 1848 ·
1020 1761 1236 1826 *1798
1327 1764 1752 1826 WALnnmnus
1801 1780 1903 1824 rex
1945 1763 2132 1824 Dacie
2166 1750 2553 1825 'cancellario
2592 1769 2658 1825 et
2690 1762 3216 1825 vicecancellariis
3264 1778 3378 1823 sua
3423 1761 3625 1837 sigilla
3662 1760 4061 1822 servantibus

715 1864 988 1943 inhibet,
1059 1882 1138 1927 ne
1197 1882 1309 1943 per
1368 1866 1672 1957 rescripta
1731 1865 2060 1943 religiosos
2123 1868 2289 1927 viros
2348 1867 2569 1928 fratres
2638 1866 2839 1927 sancti
2895 1865 3201 1927 Johannis
3258 1864 3761 1925 Jerosolemitani
3830 1863 4061 1925 domus

716 1968 1078 2047 hospitam,
1149 1968 1255 2045 qui
1321 1967 1422 2028 de.
1463 1969 1600 2030 foro
1670 1970 1798 2029 sint
1863 1968 2149 2031 ecclesiae
2172 2016 2187 2046 ,
2260 1968 2338 2030 ad
2399 1970 2603 2030 forum
2672 1968 2919 2029 trabant
2986 1968 3355 2029 secularem.
3417 2000 3497 2011 -
3555 1965 3885 2043 Roslcildis,
3958 1965 4061 2027 die

712 2069 774 2130 b.
825 2071 1126 2133 Jeronimi
1171 2069 1522 2148 presbiteri.

1330 2174 1664 2225 Aassberetn.
1703 2173 1782 2223 fra
1818 2173 2215 2225 Geheimearch.
2253 2173 2311 2224 V.
2350 2172 2571 2227 47-48.

345 2279 394 2333 3-
433 2280 644 2331 octobr.
1022 2275 1238 2341 *1799.
1330 2276 1578 2339 Msouus
1618 2292 1722 2338 rex
1758 2276 2105 2356 Norwegie,
2156 2278 2387 2340 Swecie
2436 2282 2498 2339 et
2534 2276 2755 2337 Scanie
2789 2276 3107 2337 libertates
3144 2274 3369 2337 incolis
3407 2274 3673 2336 civitatis
3710 2274 4063 2353 Wysmarie

717 2378 794 2440 ad
827 2380 1212 2457 Norwegiam
1250 2378 1641 2442 venientibus
1681 2397 1718 2441 a
1761 2397 1909 2458 rege
1946 2381 2247 2460 Laiquino
2284 2382 2475 2458 (legez
2514 2380 2824 2458 Haquino)
2871 2396 3214 2441 concessas
3262 2378 3609 2440 confirmat.
3644 2411 3726 2423 —
3762 2377 3837 2437 In
3866 2384 4065 2437 castro

714 2489 910 2543 nostro
955 2482 1483 2561 Hecsinqheburqh,
1534 2485 1808 2545 crastino
1853 2482 1914 2545 b.
1961 2483 2309 2560 Leodegari
2353 2485 2644 2545 martiris,

1334 2585 1856 2649 Meklenburglsches
1891 2586 2230 2637 Urlmndenb.
2268 2586 2349 2637 lx.
2387 2586 2505 2639 340.

405 2709 529 2760 Post
717 2704 1252 2782 Ἰ*1800(Ξ2218.)
1338 2705 1711 2770 Fuldstaendlg,
1743 2706 1824 2758 for
1851 2718 1942 2757 saa
1972 2707 2083 2758 vidt
2099 2707 2286 2758 Brevet
2314 2720 2369 2757 er
2396 2707 2611 2759 bevaret
2637 2705 2975 2764 iAsskrii'ten,
3007 2708 3026 2755 i
3053 2704 3186 2769 Dipl.
3206 2704 3446 2763 Svecan„
3478 2703 3557 2755 ed.
3592 2704 3642 2755 B.
3662 2703 3719 2755 E.
3742 2703 4065 2755 Hildebrand

316 2776 402 2832 18·
438 2778 647 2829 0⁰20h1'·
1336 2790 1392 2842 V.
1432 2791 1652 2846 ‘zo—73.
1727 2791 2034 2856 Brudstykk.
2074 2796 2093 2843 i
2128 2792 2467 2856 Lagerbring,
2506 2793 2640 2843 Svea
2676 2792 2833 2843 lees
2868 2792 2996 2843 Hist.
3038 2791 3118 2842 ΙΙΙ.
3154 2791 3272 2844 353.

306 2914 391 2967 25.
429 2915 652 2966 Novbr.?
1027 2911 1212 2977 *1801
1231 2957 1244 2972 ,
1334 2912 1400 2962 Et
1427 2913 1523 2963 Par
1553 2912 1996 2964 Stssstandsbreve
2027 2912 2239 2964 mellem
2272 2912 2545 2975 Kongerne
2572 2911 2848 2963 valdemar
2886 2926 2949 2975 og
2978 2912 3196 2975 Magnus
3235 2924 3321 2961 ere
3358 2912 3375 2960 l
3403 2908 3534 2975 Dlpl.
3566 2911 3781 2961 Sveean.
3818 2910 4067 2961 henferte

1333 2998 1395 3048 til
1432 2997 1602 3048 denne
1639 2998 1760 3061 Dag.
1841 2997 1914 3048 De
1959 2998 2127 3049 findes
2168 2998 2262 3050 her
2310 2999 2430 3051 med
2468 2998 2630 3049 andre
2666 2998 3190 3049 Tidsbestemmelser
3228 2996 3397 3047 under
3435 2999 3517 3047 Nr.
3550 2994 3957 3049 *lena-*1804
3998 3010 4065 3059 og

1335 3083 1422 3134 Nr.
1454 3082 1634 3137 '‘1856.

336 3205 419 3259 28-
458 3205 647 3257 Novbr.
1023 3202 1241 3269 *1802
1332 3203 1696 3283 Inoieunms,
1767 3204 2025 3267 ducissa
2082 3205 2348 3283 Sveciae,
2421 3205 2678 3266 Andreoe
2736 3204 2940 3266 abbati
3011 3204 3071 3264 in
3130 3204 3291 3282 Lysa
3348 3202 3595 3282 plenam
3665 3204 4065 3265 autoritatem

719 3306 1004 3384 exigendi
1051 3307 1328 3369 redditus
1377 3324 1527 3369 suos
1575 3307 1650 3368 ab
1697 3308 2034 3370 heredibus
2083 3308 2316 3369 domini
2358 3308 2590 3370 Hinrici
2640 3308 2949 3386 quondam
2989 3307 3270 3369 advocati
3316 3308 3414 3368 sui
3460 3308 3521 3366 in
3558 3306 3778 3383 Bergis
3814 3306 3942 3367 dat.
3988 3342 4067 3350 -—

725 3410 1163 3489 FallcenberqiS,
1210 3411 1364 3472 feria
1410 3416 1628 3488 quarta
1671 3417 1817 3489 post
1863 3411 2022 3472 diem
2075 3429 2126 3471 s.
2179 3412 2512 3473 Catherine
2560 3413 2817 3488 virginis
2863 3409 3161 3488 gloriose,
3212 3411 3349 3471 sine
3395 3426 3583 3470 anno.

1338 3512 1670 3577 Diplomatar.
1714 3513 1930 3577 Norveg.
1972 3512 2049 3563 lV.
2087 3513 2344 3568 214—15.
2418 3514 2550 3579 Dipl.
2591 3516 2826 3572 Svecan.,
2865 3514 2944 3564 ed.
2985 3514 3037 3563 B.
3068 3512 3124 3563 E.
3154 3510 3474 3563 Hildebrand
3512 3510 3565 3561 V.
3601 3510 3825 3565 81-82.

1054 3630 1224 3698 2218
1271 3650 1338 3693 se
1383 3632 1602 3698 *180st

407 3839 568 3904 1341
2055 3846 2275 3927 1341
2349 3846 2477 3927 vel
2536 3852 2748 3951 post.

319 3926 414 3989 vel
463 3932 626 4006 post.

1031 4026 1247 4093 *1803.
1343 4028 1682 4091 VALDEMARl
1731 4029 1896 4105 regis
1945 4032 2277 4091 conventio
2326 4048 2469 4091 cum
2517 4029 2769 4108 Magno,
2822 4030 3083 4107 Sueciae,
3129 4026 3452 4104 Norvegioe
3500 4033 3562 4087 et
3606 4027 3845 4088 Scanioe
3894 4043 4068 4105 rege,

724 4132 800 4195 de
833 4150 988 4213 pace
1025 4139 1086 4194 et
1129 4131 1419 4209 amicitia,
1468 4148 1580 4211 per
1625 4149 1805 4210 quam
1849 4133 2030 4193 etiam
2067 4134 2393 4211 promittit,
2441 4132 2681 4194 incolas
2719 4134 3042 4211 utriusque
3078 4132 3249 4208 regis
3282 4131 3468 4191 bonis
3504 4130 3659 4208 suis»,
3708 4128 4069 4207 ubicunque

723 4236 842 4295 sita
876 4237 1021 4314 sint,
1056 4234 1246 4296 libere
1282 4234 1602 4313 fruituroS,
1639 4232 2084 4315 principesque
2109 4235 2456 4297 Johannem
2502 4241 2562 4296 et
2583 4234 2908 4297 Nicolaum
2944 4234 3020 4296 de
3044 4234 3255 4296 Werle
3292 4233 3459 4295 bona
3495 4232 3613 4293 sibi
3648 4233 4069 4312 impignorata

724 4338 979 4419 pacifice
1037 4337 1438 4415 obtenturos3
1500 4336 1724 4399 deinde
1781 4338 2010 4415 Magno
2071 4338 2204 4416 regi
2264 4337 2585 4415 concedit,
2644 4343 2713 4400 ut
2760 4338 3175 4416 lugeburgem
3232 4336 3583 4415 ducissam,
3644 4341 3937 4413 matrem,
4002 4342 4069 4395 et

721 4442 1106 4518 Johannem,
1175 4441 1514 4502 Henricum
1572 4446 1636 4501 et
1687 4438 2015 4502 Nicolaum
2076 4441 2339 4503 comites
2396 4440 2727 4519 Holsatioe,
2798 4442 2850 4501 si
2909 4440 3223 4519 placitatio
3282 4456 3423 4502 cum
3481 4439 3659 4500 hisce
3715 4440 3879 4500 facta
3932 4454 4067 4499 non

722 4545 1047 4605 observata
1090 4545 1296 4623 fuerit,
1345 4543 1638 4605 omnibus
1685 4541 1888 4603 modis
1935 4542 2224 4622 adjuvare
2272 4544 2329 4605 ei
2374 4544 2577 4605 liceat.
2627 4578 2707 4587 —-
2756 4544 2900 4606 Sine
2947 4560 3114 4605 anno
3162 4550 3224 4605 et
3269 4543 3388 4604 die.

1340 4644 1472 4710 Dlpl.
1509 4646 1745 4703 Sveean„
1784 4644 1864 4695 ed.
1895 4645 1948 4695 B.
1979 4646 2038 4696 Ε.
2069 4644 2391 4699 flssdebrand
2424 4645 2479 4695 V.
2512 4644 2729 4700 77—79.
2788 4646 3299 4710 Meklenhurgisches
3326 4642 3663 4696 Urkundenb.
3692 4642 3775 4695 IX.
3804 4642 4066 4697 347—48.

1335 4730 1546 4790 munch,
1583 4730 1679 4781 Det
1714 4731 1906 4781 norske
1943 4730 2094 4783 Folks
2131 4732 2263 4784 ΗΜ..
2300 4733 2349 4786 2.
2378 4733 2490 4784 Ard.
2528 4732 2566 4782 1.
2602 4731 2843 4787 271-72
2878 4746 2942 4797 og
2980 4731 3157 4786 S.288
3192 4731 3346 4797 (hrot
3382 4730 3515 4795 Dipl.
3555 4730 3772 4781 Sveean.
3805 4730 3891 4780 Νι.
3920 4728 4065 4783 3604

1339 4817 1453 4868 skal
1482 4830 1621 4869 νει-ο
1650 4818 1735 4868 Nr.
1764 4816 1944 4883 3606),
1981 4829 2181 4877 menet,
2218 4824 2273 4870 at
2300 4820 2485 4870 Brevet
2512 4818 2730 4869 tilherer
2758 4817 3113 4883 Begyndelsen
3142 4817 3199 4869 ar
3220 4820 3323 4869 Aur
3350 4816 3509 4879 1344;
3550 4816 3801 4881 Rydberg,
3841 4816 4067 4879 sverges

1336 4902 1606 4954 Traktater
1642 4902 1702 4953 11.
1737 4901 1963 4963 51-52,
2000 4904 2249 4957 hentorer
2286 4904 2374 4957 det
2408 4903 2630 4967 ligesom
2670 4903 2986 4955 Hildebrand
3020 4903 3084 4955 tu
3118 4904 3306 4955 Novbr.
3345 4902 3494 4958 1341.

1029 5022 1248 5089 *1804.
1337 5024 1733 5089 Vitumnus
1789 5041 1899 5087 rex
1952 5024 2219 5105 Magno,
2280 5025 2553 5104 Sueciae,
2613 5025 2935 5101 Norvegiae
2993 5029 3057 5084 et
3110 5024 3349 5087 Scaniae
3405 5024 3539 5100 regi
3595 5024 3932 5105 promittit,
3994 5042 4065 5086 se

723 5126 960 5189 litteras
1007 5127 1082 5189 de
1128 5128 1649 5208 impignoratione
1697 5134 1760 5191 et
1803 5128 2172 5191 dimissione
2219 5128 2480 5207 Scaniae,
2527 5127 2767 5189 litteras
2812 5126 2889 5189 de
2936 5126 3288 5189 venditione
3334 5127 3672 5189 Haliandiae
3720 5133 3781 5189 et
3826 5126 4065 5189 litteras
