4275 5759
1260 393 1477 467 Kone
1530 394 1927 471 VALDEMAR
1986 401 2377 472 Amnum.
3324 402 3470 471 265

3599 566 3784 631 1343.

490 662 676 725 2241,
765 663 1014 723 bumont,
1052 666 1259 731 Corpus
1296 666 1560 731 diplomat.
1602 668 1637 727 l,
1674 669 1723 722 2.
1764 669 1815 721 S.
1842 671 2097 725 222—23.
2178 672 2430 731 Terraene,
2475 672 2604 722 Hist.
2641 672 2856 735 Norveg.
2897 671 2978 721 IV.
3015 669 3267 724 467-70.
3340 669 3470 733 Dlpl.
3544 672 3625 726 18.
3665 673 3848 722 Novbr.

770 750 1007 810 Svecan„
1032 751 1113 803 ed.
1142 752 1197 803 B.
1216 753 1274 805 E.
1294 753 1612 807 Hildebrand
1640 755 1693 804 V.
1713 755 1969 810 214—18.
2034 758 2208 807 Dansk
2227 756 2407 808 overs.
2429 759 2446 807 i
2466 753 2652 815 Suhm,
2684 756 2813 807 met.
2833 756 2888 807 af
2902 756 3086 808 Danm.
3105 755 3232 805 xul.
3254 754 3473 808 73—75.

466 866 679 932 *18⁷o.
769 869 1115 933 Vatusium}
1160 874 1327 949 regis
1362 874 1577 935 litterae
1616 874 1691 935 de
1726 893 1881 954 pace
1928 880 1989 938 et
2033 875 2372 938 concordia
2416 876 2568 936 inita
2602 890 2742 937 cum
2779 875 3028 953 Magno,
3078 876 3313 936 Suecioe
3352 881 3471 936 etc.
3543 876 3632 931 18·
3667 877 3852 929 Novbr.

204 982 342 1043 rege,
384 968 655 1045 ejusdem
699 974 1047 1046 argumenti
1092 990 1165 1035 ac
1214 974 1427 1037 litteras
1462 976 1671 1053 Magni
1719 980 1884 1055 regis
1925 978 2143 1041 eodem
2181 978 2278 1039 die
2315 977 2470 1039 datae
2511 978 2644 1053 (cfr.
2679 994 2776 1038 nr.
2815 976 3025 1053 2241).
3062 1008 3146 1021 --
3180 976 3254 1039 In
3285 984 3474 1037 castro

212 1068 525 1149 Vardberyk,
568 1074 634 1135 in
680 1078 895 1134 octava
939 1074 1001 1136 b.
1047 1074 1293 1137 Martini
1342 1079 1643 1159 episcopi.

768 1175 901 1240 Dipl.
939 1177 1177 1237 Svecan„
1214 1179 1295 1232 cd.
1332 1179 1386 1229 B.
1414 1180 1471 1231 E.
1500 1180 1819 1233 Hssdebrand
1854 1182 1908 1232 V.
1944 1180 2199 1237 218—-22,

466 1292 680 1358 *1871.
770 1296 1165 1360 VALnsuAaus
1221 1316 1324 1360 rex
1376 1304 1708 1381 promittit,
1769 1319 1837 1363 se
1895 1320 2099 1382 neque
2156 1302 2556 1365 Allemannos
2614 1319 2816 1380 neque
2862 1302 3018 1364 alios
3066 1318 3474 1379 quoscunque
3544 1305 3625 1359 18-
3665 1306 3884 1357 Novam

200 1398 385 1454 contra
434 1394 760 1478 Magnum,
830 1399 1060 1462 Sveciae
1130 1408 1249 1463 etc.
1314 1420 1555 1483 regem,
1626 1422 1901 1483 unquam
1966 1406 2394 1484 adjuvaturum
2451 1422 2613 1466 esse.
2675 1439 2754 1449 --
2822 1404 3270 1483 Vardeberqhis‚
3341 1406 3476 1465 sine

198 1488 336 1557 anno
375 1505 435 1559 et
476 1498 592 1561 die.

770 1603 905 1672 Dlpl.
940 1604 1177 1667 Svecan„
1215 1606 1295 1658 ed.
1332 1607 1387 1659 B.
1416 1606 1477 1659 Ε.
1504 1608 1823 1661 Hssdebraud
1858 1609 1913 1660 V.
1956 1608 2211 1665 222—23.
2285 1610 2380 1661 Om
2408 1609 2570 1661 Tiden
2613 1609 2732 1670 jvt'r.
2771 1608 3022 1673 Rydberg,
3061 1609 3280 1673 Sverges
3316 1608 3477 1659 Trak-

766 1694 899 1742 tater
935 1690 996 1742 11.
1034 1690 1150 1745 108.

489 1806 679 1874 2242,
769 1808 901 1875 Dlpl.
940 1812 1175 1871 Svecan„
1214 1812 1295 1864 ed.
1332 1814 1386 1863 B.
1416 1816 1473 1865 E.
1504 1814 1824 1867 Hssdebrand
1860 1816 1914 1865 V.
1952 1814 2190 1869 228—31
2227 1814 2370 1881 (med
2405 1814 2600 1865 svensk
2628 1813 2847 1878 Ovem).
2919 1813 3128 1864 Brudst.
3166 1816 3183 1863 t
3217 1812 3476 1872 Lundlus,
3544 1818 3627 1873 20.
3666 1820 3854 1870 Novhr.

769 1896 911 1947 Notae
940 1900 994 1954 ln
1024 1899 1201 1949 literas
1220 1901 1424 1963 Agapitl
1452 1898 1511 1950 n.
1533 1902 1584 1950 S.
1606 1900 1826 1963 40-41.
1893 1900 1991 1953 Om
2024 1904 2208 1951 Datum
2235 1900 2352 1962 Jvfr.
2387 1900 2616 1982 Konung
2640 1899 2909 1951 Gustat'l.s
2939 1898 3264 1963 Registratur
3293 1898 3329 1948 l.
3358 1898 3473 1951 293.

466 2013 683 2079 *1872
775 2015 1037 2095 Pmus,
1104 2020 1619 2100 archiepiscopus
1686 2021 2073 2099 Lundensis,
2139 2028 2552 2101 protestatur,
2620 2020 3085 2099 valdemarum,
3157 2019 3474 2080 Danorum
3547 2024 3628 2077 20.
3667 2024 3854 2075 Novhr.

198 2128 397 2191 regem,
438 2114 691 2195 Magno,
742 2118 973 2181 Sveciae
1020 2128 1139 2183 etc.
1190 2123 1341 2203 regi,
1391 2129 1453 2184 et
1495 2123 1830 2187 heredibus
1878 2128 2013 2205 ejus
2060 2132 2255 2186 terras
2302 2125 2576 2203 Scaniae,
2621 2122 2989 2201 Ballandiae‚
3034 2122 3370 2197 Blekingiae
3417 2130 3479 2182 et

195 2214 401 2277 Listriae
442 2226 504 2279 et
545 2220 815 2281 insulam
858 2222 1145 2285 Huethen
1194 2232 1477 2287 scotasse
1525 2234 1587 2287 et
1629 2228 1959 2290 alienasse.
2006 2262 2089 2271 -—
2132 2227 2209 2287 In
2251 2227 2403 2288 villa
2447 2228 2687 2287 Gelakir
2725 2242 2913 2303 prope
2954 2231 3210 2284 castrum
3256 2224 3475 2285 Varda-

194 2315 337 2397 bmy,
380 2322 589 2399 quinta
632 2324 787 2387 feria
828 2331 969 2387 ante
1018 2326 1249 2389 Cecilie
1294 2328 1571 2404 virginis.
3559 2392 3572 2407 ,

769 2426 900 2492 Dlpl.
933 2430 1169 2487 Svecan.‚
1216 2430 1297 2481 ed.
1336 2430 1389 2480 B.
1418 2430 1476 2482 Ε.
1504 2429 1822 2483 Hildebrand
1870 2434 1921 2483 V.
1966 2432 2220 2487 231.-32.
2301 2432 2476 2485 Andre
2511 2432 2784 2483 Afskrlrter
2823 2432 2947 2483 laese
2989 2428 3205 2481 nLucle·
3247 2433 3263 2479 i
3302 2429 3480 2481 Stedet

768 2512 849 2563 t'or
892 2514 1162 2574 -Cecllie·‚
1198 2516 1461 2567 hvorerter
1500 2516 1688 2568 Datum
1723 2517 1861 2569 vilda
1896 2531 2033 2569 vaere
2068 2517 2148 2570 11.
2189 2517 2370 2569 Decbr.

194 2608 683 2688 ’1873(-.-.2364),
772 2615 903 2679 Dlpl.
942 2617 1186 2676 Svecan„
1233 2619 1311 2669 ed.
1360 2620 1413 2669 B.
1450 2620 1507 2670 E.
1546 2620 1864 2672 Hildebrand
1907 2621 1962 2672 V.
2007 2620 2246 2675 213—14
2293 2620 2445 2685 (efter
2489 2635 2553 2672 en
2602 2620 2838 2675 udateret
2873 2618 3126 2684 Afskrlft).
3206 2618 3415 2670 Brudst.
3460 2621 3479 2670 l
3546 2622 3628 2676 21.
3668 2623 3853 2674 Novbr.

769 2701 1113 2767 Lagerbrlng,
1160 2704 1293 2755 Svea
1330 2704 1485 2756 lees
1530 2706 1659 2756 Hlst.
1705 2706 1786 2757 111.
1832 2704 1948 2759 268.
2032 2708 2186 2758 Aaret
2231 2706 2343 2757 skal
2390 2721 2524 2759 vaere
2571 2706 2728 2765 1343,
2777 2720 2832 2757 se
2879 2704 3098 2763 aunon,
3147 2706 3244 2755 Det
3287 2704 3478 2755 norske

772 2785 923 2839 Folks
959 2789 1087 2841 Hist.
1125 2790 1175 2843 2.
1203 2790 1315 2841 Ard.
1354 2790 1390 2842 1.
1426 2788 1665 2845 585—86
1701 2806 1765 2857 og
1802 2791 2053 2856 Rydberffi
2094 2794 2315 2856 Sverges
2348 2792 2615 2843 Traktater
2652 2791 2710 2843 ll.
2749 2790 3032 2845 106—107.

464 2886 681 2953 *1874.
770 2889 1146 2971 menarum,
1227 2896 1400 2973 prior
1464 2895 1539 2957 de
1609 2895 2094 2975 Antworskogh,
2175 2896 2532 2958 Bostrenos
2601 2896 3021 2973 Psrnuasson,
3102 2894 3476 2972 praepositus
3545 2894 3627 2949 22.
3665 2895 3856 2947 Novhr.

194 2982 533 3069 Lundensis‚
579 2992 805 3071 aliique
844 2998 1133 3058 canonici
1167 2997 1535 3059 bundenses
1570 3005 2017 3077 protestantur,
2066 2999 2384 3061 Danielem
2422 2998 2776 3076 Vbbesson,
2825 3000 3020 3059 civem
3056 2994 3476 3074 Lundensem,

195 3104 376 3151 coram
418 3108 485 3154 se
530 3094 906 3176 declarasse,
952 3099 1201 3161 fratrem
1252 3118 1431 3161 suum
1469 3101 1817 3163 Johannem
1852 3104 1916 3161 in
1964 3104 2254 3162 extremis
2290 3118 2500 3162 coram
2537 3087 2692 3180 ipso*
2711 3101 2970 3161 Daniele
3012 3098 3476 3174 recognovisse,

172 3189 555 3258 Laurentium
614 3198 890 3261 Jonsson
948 3204 1157 3264 omnia
1212 3201 1447 3282 debita,
1508 3205 1572 3263 in
1630 3205 1858 3282 quibus
1918 3205 2037 3266 sibi
2092 3222 2235 3266 cum
2293 3205 2480 3265 fratre
2537 3204 2806 3265 Henrico
2866 3202 3144 3263 Jonsson
3205 3215 3475 3277 unquam

195 3294 567 3379 obligabatur,
613 3303 885 3365 totaliter
928 3306 1327 3382 persolvisse.
1372 3339 1455 3351 —
1502 3306 1617 3367 Die
1662 3306 1722 3367 b.
1772 3306 2004 3370 Cecilie
2050 3308 2305 3384 virginis
2352 3313 2414 3368 et
2457 3307 2745 3368 martiris.

770 3405 901 3470 Dipl.
940 3408 1177 3467 Svecan„
1216 3406 1294 3459 ed.
1333 3408 1387 3459 B.
1416 3408 1473 3458 E.
1502 3408 1821 3459 Hlldebrand
1855 3409 1911 3458 V.
1946 3408 2201 3462 234—35.

452 3507 685 3589 71875.
768 3510 994 3573 DAmsr.
1042 3512 1403 3590 VassssoN,
1452 3512 1603 3573 civis
1650 3512 2035 3591 bundensiS,
2080 3512 2392 3591 notificat,
2440 3512 2688 3573 fratrem
2736 3511 3085 3572 Johannem
3132 3508 3477 3570 Vbbaesson
3548 3511 3631 3564 24.
3669 3512 3857 3563 Novhr.

190 3603 241 3661 in
283 3612 555 3673 extremis
592 3628 999 3693 recognosse,
1045 3614 1440 3676 Laurentium
1477 3615 1751 3676 Jonsson
1794 3618 2003 3677 omnia
2038 3615 2263 3696 debita,
2311 3617 2374 3675 in
2411 3615 2636 3693 quibus
2675 3613 2788 3675 sibi
2827 3598 3094 3691 unquam
3131 3610 3478 3689 tenebatur,

190 3709 425 3771 totaliter
464 3715 863 3789 persolvisse.
910 3706 993 3761 ὲ-
1042 3718 1105 3779 ln
1153 3719 1432 3799 profesto
1477 3718 1539 3778 b.
1588 3718 1874 3779 Katerine
1918 3719 2196 3795 virginis.

767 3819 900 3884 Dipl.
938 3820 1173 3882 Svecan.,
1210 3820 1291 3871 ed.
1324 3821 1383 3870 B.
1412 3820 1469 3871 Ε.
1504 3820 1819 3873 Hildebrand
1853 3820 1909 3869 V.
1944 3819 2200 3875 235—36.

462 3919 679 3985 ¹1876.
771 3921 1105 3986 Ctsusnrts
1153 3923 1314 4001 (vlu)
1360 3941 1534 4003 papae
1580 3923 1749 3987 bulla
1792 3924 1866 3984 ad
1913 3924 2456 4002 archiepiscopum
2495 3922 2890 3984 Lundensem
2941 3924 3200 4000 ejusque
3249 3919 3473 3980 suffra·
3547 3923 3591 3975 1.
3631 3922 3811 3974 Deobr-

188 4030 396 4090 ganeos
440 4021 513 4083 de
561 4023 803 4085 decima
846 4025 1197 4089 reddituum
1245 4033 1306 4089 et
1349 4034 1763 4107 proventuum
1810 4026 2381 4088 ecclesiasticorum
2441 4024 2736 4087 solvenda
2789 4041 2902 4105 per
2955 4030 3081 4085 tres
3141 4038 3339 4083 annos
3397 4019 3473 4082 ad

188 4118 389 4184 bellum
434 4131 651 4186 contra
694 4126 1003 4190 Turchos.
1049 4163 1133 4174 -
1177 4128 1489 4209 Avinione,
1538 4128 1653 4189 kal.
1704 4127 2091 4208 Decembris,
2137 4128 2537 4209 pontificatus
2583 4130 2992 4196 nostrianno
3041 4125 3340 4187 secundo.

770 4228 1103 4294 Diplomatar.
1142 4232 1357 4296 Norveg.
1394 4231 1473 4282 vl.
1512 4230 1764 4284 192-97.

460 4330 680 4397 *1872
769 4332 1230 4411 wummnus)
1267 4336 1582 4397 Danorum
1619 4334 2108 4411 Sclauorumque
2146 4351 2252 4396 rex
2296 4334 2588 4415 placitum
2626 4334 3041 4409 Wiburgense
3090 4328 3478 4391 visitantibus

187 4434 429 4515 nuntiat,
489 4453 561 4498 se
616 4436 871 4499 domino
927 4435 1111 4501 Petro
1167 4439 1531 4502 Waendelbo
1586 4436 1755 4499 bona
1807 4436 2066 4500 Andreae
2124 4436 2442 4500 Poeterson
2498 4438 2560 4497 in
2620 4434 3094 4515 Hymmersysael
3153 4433 3300 4511 sita,
3368 4449 3481 4511 per

188 4536 423 4599 eundem
463 4536 882 4612 Andreamssss‘ei
938 4547 1211 4619 scotata,
1261 4544 1401 4619 jure
1458 4548 1760 4622 perpetuo
1817 4541 2200 4619 possidenda
2257 4540 2650 4619 adjudicasse
2709 4538 3165 4614 mandasseque
3211 4535 3482 4596 Johanni

188 4632 355 4719 Kaas,
408 4642 509 4703 cni
566 4642 731 4704 dicta
778 4642 947 4705 bona
986 4644 1399 4723 impignorata
1443 4650 1650 4721 erant,
1698 4649 1766 4706 ut
1809 4646 2077 4722 pecunia
2119 4658 2234 4724 pro
2284 4643 2708 4721 redemptione
2755 4656 2970 4703 eorum
3015 4643 3268 4717 recepta
3311 4637 3478 4699 dicto

188 4736 345 4804 Petro
386 4745 751 4808 Woendelbo
798 4763 872 4809 ea
913 4748 1073 4808 infra
1116 4747 1331 4809 decem
1379 4746 1513 4815 dies
1559 4748 1850 4824 resignet.
1900 4782 1987 4792 —-
2029 4746 2318 4825 Albuqu,
2367 4747 2502 4808 sine
2547 4762 2734 4807 anno.

770 4849 831 4900 Η.
860 4848 1076 4910 Manen,
1114 4850 1223 4902 Den
1262 4849 1467 4926 danskc·
1494 4849 1761 4901 Pantercts
1796 4849 1927 4902 Hist.
1966 4849 2017 4901 S.
2046 4848 2303 4903 462—63.

460 4950 681 5017 *1878.
774 4952 1239 5031 warmannus)
1274 4953 1589 5015 Danorum
1627 4953 2117 5031 Sclauorumque
2158 4970 2263 5013 rex
2304 4952 2594 5032 placitum
2633 4946 3044 5025 Wibergense
3083 4948 3478 5008 visitantibus

187 5056 433 5133 nuntiat,
492 5072 563 5118 se
610 5055 883 5118 Henrico
938 5055 1107 5119 dicto
1154 5058 1381 5137 Swort,
1438 5057 1742 5119 Nicholao
1789 5056 1939 5117 Daal
1998 5073 2139 5117 cum
2201 5056 2448 5119 duobus
2499 5054 2634 5115 aliis
2681 5051 3048 5129 mandasse,
3108 5055 3178 5112 ut
3228 5050 3478 5111 Petrum

188 5154 542 5240 Wendelho‚
612 5140 924 5237 quondam
992 5162 1183 5239 patris
1255 5162 1350 5221 sui
1418 5160 1795 5239 dapiferum,
1863 5160 1927 5219 in
1994 5162 2468 5237 possessionem
2535 5157 2843 5217 bonorum
2911 5155 2976 5214 in
3038 5153 3346 5233 Karthorp
3415 5155 3477 5213 in

270 5294 468 5362 Rogat.
504 5296 636 5348 Dan.
672 5296 737 5347 11.
776 5298 887 5348 Ser.
924 5297 961 5347 1.
3001 5292 3070 5347 34
