4275 5759
1292 339 1510 416 Kone
1563 339 1964 416 VALDsuAn
2018 340 2418 420 Amnum.
2673 292 2681 299 ·
3365 344 3517 420 27¹7

3644 511 3828 577 1346.

500 614 716 681 *1969.
806 615 1233 681 Wozoauasus
1281 616 1597 680 Danorum
1643 617 2131 698 sclavorumque
2179 637 2308 697 rex,
2354 618 2474 682 dux
2512 619 2806 698 Estoniae‚
2856 618 3136 681 ecclesiis
3181 617 3520 681 cathedrali
3588 616 3638 669 2.
3677 615 3805 677 Maii·

236 722 287 781 in
328 719 556 781 Revalia
599 720 929 783 ecclesiam
974 719 1035 779 b.
1086 719 1357 781 Simonis
1416 726 1478 781 et
1521 718 1694 783 Judae
1752 722 2180 801 apostolorum
2239 724 2302 783 in
2351 720 2591 784 Katkull
2637 723 2930 785 annectit.
2979 756 3059 767 —-
3106 721 3398 802 Revalc'oe,
3455 722 3517 783 in

238 824 477 885 crastino
517 822 577 884 b.
625 821 893 902 Philippi
938 827 999 882 et
1042 821 1259 884 Jacobi
1302 822 1753 903 apostolorum.

803 924 1004 987 Bunge.
1042 923 1232 975 Archiv
1268 922 1301 974 t.
1342 922 1655 977 Geschlchte
1691 926 1852 985 Liv.·,-
1883 925 2061 979 Esth.-
2091 939 2146 977 u.
2178 925 2441 979 Curiands
2480 927 2517 978 1.
2556 926 2844 982 299—300.
2916 927 3114 990 Bunge,
3149 927 3308 987 Liv.-,
3344 925 3520 978 Esthe

807 1022 859 1059 u.
898 1008 1309 1061 Curiandisches
1346 1010 1681 1061 Urkundenb.
1731 1010 1791 1062 11.
1829 1011 2119 1067 402—403.
2205 1013 2379 1064 Dansk
2414 1012 2530 1065 Udt.
2575 1014 2592 1063 l
2628 1005 2899 1071 H'vitt'eldt,
2950 1012 3132 1063 Danm.
3171 1013 3324 1076 Rigas
3362 1013 3522 1064 Krsn.

810 1094 862 1146 S.
892 1093 995 1149 494
1030 1094 1333 1161 (Kvartudg.
1372 1095 1455 1147 lll.
1493 1094 1630 1160 480).

500 1214 721 1281 *197st
814 1215 1123 1278 Statutum
1150 1213 1353 1295 Parni,
1386 1216 1845 1297 archiepiscopi
1870 1218 2243 1298 Lundensis,
2278 1223 2347 1281 ut
2368 1224 2614 1281 mortuo
2641 1218 2947 1281 canonico
2972 1218 3130 1285 alius
3156 1220 3521 1297 canonicae,
3593 1216 3642 1268 6.
3680 1214 3808 1275 niuji.

234 1325 495 1381 executor
550 1319 907 1381 testamenti
968 1319 1279 1405 existens,
1347 1334 1462 1398 pro
1520 1322 1831 1398 exsequiis
1888 1320 2192 1383 faciendis
2249 1326 2312 1383 et
2366 1321 2589 1383 debitis
2647 1323 2874 1383 mortui
2932 1321 3245 1384 solvendis
3303 1338 3522 1383 omnes

236 1426 540 1501 proventus
586 1422 722 1501 ejus
768 1437 881 1501 per
924 1436 1156 1482 annum
1204 1424 1512 1499 integrum
1556 1422 1877 1501 percipiat.
1924 1458 2008 1469 —
2057 1422 2327 1486 Sabbato
2372 1441 2546 1505 prox.
2595 1430 2741 1504 post
2784 1424 2946 1487 diem
2990 1425 3053 1487 b.
3100 1424 3478 1501 Walburgis.

811 1521 943 1589 Dipl.
983 1522 1221 1582 Svccan.,
1258 1523 1339 1575 ed.
1374 1523 1431 1574 B.
1458 1523 1517 1574 E.
1544 1522 1866 1576 Hildebrand
1901 1526 1959 1576 V.
1995 1524 2250 1588 5⁷o-71.

502 1643 719 1709 *1971.
811 1643 1233 1708 winomannus
1287 1643 1606 1706 Danorum
1677 1645 2158 1725 Sclavorumque
2227 1664 2332 1708 rex
2402 1652 2465 1708 et
2531 1646 2653 1709 dux
2717 1646 2989 1708 Estonioe
3056 1646 3382 1709 monachis
3449 1646 3525 1708 de
3594 1642 3677 1697 24.
3715 1644 3846 1703 nan.

230 1746 419 1823 Padis,
476 1746 915 1809 cisterciensis
962 1744 1231 1825 ordinis,
1291 1744 1679 1809 Revaliensis
1726 1747 2033 1827 diocesis,
2095 1751 2305 1811 omnia
2347 1747 2545 1828 bona,
2607 1766 2741 1827 quae
2797 1764 2910 1827 per
2953 1755 3215 1811 mortem
3263 1748 3526 1811 Relonis

230 1849 295 1910 de
317 1849 567 1911 Ylmezal
590 1849 667 1911 ad
692 1866 761 1911 se
784 1849 1071 1911 devoluta
1094 1850 1238 1928 sint,
1277 1848 1585 1911 concedit.
1622 1885 1704 1895 -
1730 1837 2011 1929 Κουαίἱᾰῑ,
2049 1853 2111 1913 in
2147 1852 2352 1929 vigilia
2383 1852 2778 1913 ascensionis
2817 1850 3052 1914 domini
3085 1852 3236 1915 Jesu
3272 1852 3524 1913 Christi.

820 1952 1019 2015 Bunge,
1058 1950 1215 2012 le.·,
1253 1951 1428 2003 Esth.-
1468 1966 1517 2002 u.
1558 1951 1971 2005 Curiandisches
2006 1954 2344 2007 Urlmndenb.
2381 1953 2460 2005 111.
2500 1952 2750 2007 150—51.

502 2053 722 2119 *1972
813 2052 1137 2133 Jonaunss,
1186 2055 1389 2117 dictus
1430 2054 1506 2116 de
1542 2056 1779 2135 MekeS,
1818 2056 2032 2136 judex,
2080 2056 2374 2135 declarat,
2422 2056 2744 2135 Stygotum
2786 2055 3172 2136 Andersson,
3219 2058 3526 2119 famosum
3597 2052 3681 2106 24.
3721 2054 3848 2114 uait.

232 2158 479 2236 militem,
516 2159 910 2239 capitaneum
949 2144 1397 2237 Revaliensem,
1445 2175 1656 2220 coram
1690 2176 1783 2238 se,
1819 2160 1883 2221 in
1914 2158 2154 2239 judicio
2193 2160 2366 2238 regio
2406 2158 2800 2239 praesidente,
2841 2160 3309 2238 recognovisse,
3359 2158 3526 2221 God-

232 2260 428 2323 iridum
485 2261 719 2323 dictum
765 2260 1037 2339 Perona,
1097 2258 1401 2323 decanum
1462 2262 1745 2324 ecclesiae
1809 2261 2227 2341 Revaliensis,
2287 2262 2404 2324 sibi
2463 2279 2537 2323 ex
2581 2266 2756 2342 parte
2816 2262 2982 2338 regis
3045 2260 3358 2323 Danorum
3415 2279 3529 2341 pro

231 2364 455 2439 triginta
492 2364 722 2425 marcis
766 2365 1007 2440 argenti
1054 2363 1459 2441 satisfecisse,
1508 2368 1569 2424 et
1614 2363 1880 2427 eundem
1919 2365 2240 2443 Stygotum
2282 2364 2578 2443 Godfrido
2614 2369 2742 2425 tres
2777 2380 2979 2426 uncos
3026 2365 3088 2424 in
3131 2364 3272 2426 villa
3303 2365 3527 2427 Wase-

231 2465 375 2528 mule
417 2467 795 2543 resignasse.
844 2498 923 2511 -—-
975 2463 1253 2543 Revalioe,
1300 2466 1364 2526 in
1410 2466 1615 2541 vigilia
1659 2467 2053 2530 ascensionis
2100 2468 2336 2530 domini
2381 2468 2554 2529 Jesu.
2578 2465 2832 2528 Christi.

815 2568 1015 2631 Bunge.
1052 2567 1211 2626 Istra,
1247 2566 1425 2618 Esth.-.
1460 2579 1513 2618 u.
1554 2566 1963 2620 corlandisches
2000 2570 2342 2622 Urkundenb.
2381 2569 2461 2621 111.
2500 2568 2753 2623 151—52.

508 2670 727 2736 *1973.
817 2671 1243 2734 Wswsusaus
1278 2669 1597 2734 Danorum
1636 2671 2120 2751 Sclavorumque
2170 2691 2278 2735 rex
2323 2680 2384 2735 et
2429 2674 2549 2735 dux
2581 2672 2855 2761 Estoniae⁸
2904 2672 3187 2735 ecclesiae
3235 2690 3285 2733 s.
3322 2672 3530 2733 Mariae
3599 2668 3683 2725 25.
3723 2668 3852 2729 nsit.

230 2772 557 2837 Revaliensi
595 2774 899 2836 ecclesias
936 2773 1330 2852 parochiales
1365 2774 1651 2836 videlicet
1674 2774 1951 2854 Rappele
1988 2782 2049 2838 et
2082 2775 2312 2853 Kegele
2347 2776 2643 2838 annectit.
2682 2810 2748 2821 -
2786 2774 3136 2853 Βοωήίὶάίε,
3183 2775 3282 2837 die
3307 2775 3533 2837 Urbani

232 2893 387 2956 papie
428 2882 491 2940 et
533 2877 825 2939 martiris.

818 2980 1015 3041 Bunge.
1062 2978 1251 3029 Archiv
1287 2979 1322 3028 f.
1362 2978 1675 3031 Geschtchte
1709 2978 1865 3039 Ltv.-,
1903 2980 2079 3032 Esth-
2117 2993 2170 3030 u.
2209 2979 2472 3031 Curiands
2508 2980 2546 3030 Ι.
2581 2978 2838 3033 298-99.
2921 2981 3120 3044 Bunge,
3164 2980 3321 3041 le.-‚
3359 2980 3533 3031 nath.-

818 3079 871 3116 u.
910 3064 1321 3116 Gurliindisches
1356 3064 1697 3117 Urkundenb.
1735 3065 1795 3116 11.
1840 3065 2128 3120 403—405.
2212 3065 2389 3117 Dansk
2423 3065 2540 3118 Udt.
2587 3066 2604 3115 l
2641 3065 2914 3125 Hvitfeldt,
2961 3066 3143 3116 Danm.
3183 3066 3337 3129 Riges
3375 3067 3532 3124 Kren.

818 3151 868 3203 S.
898 3149 1138 3205 493—94
1173 3148 1471 3214 (Kvartudg.
1512 3150 1593 3201 ΠΙ.
1632 3149 1907 3214 479-80).
1982 3152 2227 3203 Roskilde
2260 3166 2378 3203 maa
2416 3165 2554 3204 vaere
2590 3151 2852 3212 Fejlskrift
2887 3151 2967 3202 for
3005 3151 3180 3202 Revsl.

508 3253 727 3319 *1974
817 3254 1083 3335 Penne,
1144 3253 1658 3333 archiepiscopus
1715 3254 2104 3334 Lundensis,
2167 3260 2462 3336 testatur,
2521 3271 2730 3317 coram
2790 3272 2858 3316 se
2914 3254 3207 3331 Magnum
3271 3253 3531 3333 Nicolai,
3605 3251 3686 3304 11-
3725 3251 3962 3314 Augusti.

230 3360 579 3421 canonicum
620 3356 1051 3435 Lundensem,
1113 3356 1188 3419 ad
1250 3355 1438 3419 altare
1498 3358 1561 3418 in
1620 3356 1887 3419 ecclesia
1946 3358 2266 3421 Lundensi
2326 3357 2774 3420 exstruendum
2833 3362 3121 3435 quattuor
3175 3358 3413 3434 curias,
3471 3358 3532 3418 in

230 3460 569 3541 Skreplinge
628 3466 799 3523 estre
856 3461 1043 3538 sitas,
1114 3466 1177 3521 et
1239 3459 1315 3521 ad
1374 3460 1863 3521 anniversarium
1921 3478 2102 3523 suum
2165 3459 2604 3523 celebrandum
2662 3476 2848 3522 unam
2908 3460 3248 3537 coloniam,
3308 3458 3534 3522 ibidem

230 3563 427 3643 sitam,
490 3564 579 3626 illi
644 3563 931 3627 ecclesiae
989 3561 1292 3646 donasse,
1362 3569 1423 3624 et
1483 3561 1701 3624 eodem
1762 3568 2043 3641 tempore
2099 3564 2448 3625 Johannem
2518 3562 2750 3625 dictum
2807 3561 3160 3641 Bunkaeilo‚
3230 3569 3534 3625 rectorem

230 3668 491 3729 ecclesiis
538 3668 892 3746 Akathorp,
950 3664 1028 3727 ad
1074 3664 1235 3726 idem
1282 3665 1469 3727 altare
1530 3665 1683 3727 duas
1731 3667 1935 3728 curias
1988 3666 2053 3727 in
2100 3665 2382 3743 Arreghe
2441 3672 2504 3727 et
2561 3665 2986 3727 molendinum
3044 3666 3108 3725 in
3154 3664 3535 3727 Methlaeste-

230 3768 530 3846 graffeghe
578 3772 764 3831 situm
811 3768 1057 3846 legasse
1104 3774 1167 3830 et
1210 3772 1517 3831 scotasse.
1560 3802 1648 3815 —-
1692 3768 1958 3846 Lundie,
2016 3771 2079 3830 in
2127 3770 2406 3831 crastino
2461 3767 2522 3829 h.
2571 3768 2898 3831 Laurencii
2943 3768 3211 3829 martiris
3256 3767 3534 3844 gloriosi.

821 3869 953 3934 Dlpl.
994 3869 1233 3931 Svcctm.¹
1268 3869 1348 3920 ed.
1388 3870 1441 3921 B.
1470 3870 1529 3921 Ε.
1557 3870 1876 3923 Hildebrand
1909 3872 1967 3922 V.
2002 3870 2258 3925 594—95.

543 3973 733 4040 2276,
823 3971 956 4037 Dlpl.
995 3973 1230 4032 Svecan„
1276 3972 1357 4025 ed.
1402 3972 1459 4023 B.
1486 3974 1545 4025 E.
1573 3971 1892 4025 Hildehraud
1927 3974 1983 4024 V.
2020 3973 2272 4028 596—97.
2359 3975 2568 4037 Bunge,
2614 3973 2768 4035 Liv.-‚
2817 3972 2992 4025 [esth.—
3039 3986 3090 4023 u.
3131 3971 3538 4037 Curiandisches
3608 3968 3688 4030 15.
3725 3969 3965 4031 Augusti.

821 4058 1159 4111 Urkundenb.
1215 4057 1275 4109 11.
1330 4058 1619 4113 406-407.
1710 4059 1917 4119 model,
1974 4060 2149 4112 Codex
2203 4059 2415 4124 diplom.
2475 4059 2862 4122 Brundenburg.
2916 4058 2964 4111 2.
3005 4058 3250 4121 Hauptth.
3306 4056 3364 4108 Il.
3421 4056 3536 4110 182.

822 4143 1030 4196 Brudst.
1060 4146 1079 4193 t
1107 4144 1272 4207 Voigt,
1311 4144 1623 4195 Geschichte
1655 4144 1944 4197 Preussens
1982 4146 2038 4196 V.
2067 4146 2287 4199 50—51.
2364 4146 2569 4197 Brudst.
2599 4160 2698 4210 paa
2729 4146 2905 4196 Dansk
2932 4148 2948 4194 i
2981 4144 3188 4203 Munch,
3228 4143 3322 4194 Det
3348 4144 3540 4194 norske

822 4229 975 4281 Folks
1012 4230 1141 4281 Hist.
1178 4230 1227 4283 2.
1260 4229 1371 4281 Am.
1408 4230 1445 4280 1.
1485 4230 1602 4285 460.
1675 4232 1844 4295 Ogsaa
1881 4236 1898 4282 i
1933 4232 2084 4296 tydsk
2121 4232 2299 4283 Overs.
2339 4234 2356 4282 1
2391 4232 2622 4283 Monum.
2659 4231 2909 4289 Livoniae,
2947 4231 3052 4281 anf.
3084 4231 3156 4281 St.

541 4332 729 4399 2277,
822 4334 1028 4396 Bunge,
1075 4331 1233 4393 le.-,
1279 4332 1455 4384 Estne
1502 4347 1553 4384 n.
1602 4334 2009 4387 Curiandisches
2047 4334 2384 4387 Urkundenb.
2433 4334 2492 4385 ll.
2539 4334 2827 4387 405—406.
2910 4334 3034 4384 Jvrr.
3075 4332 3270 4392 Suhm‚
3318 4332 3446 4382 Hist.
3485 4332 3540 4381 at'
3607 4328 3687 4381 15.
3728 4328 3964 4391 Augusti.

822 4418 1006 4470 Danm.
1043 4418 1169 4470 xiil.
1210 4418 1496 4473 105-106.

514 4520 731 4588 *1975
828 4523 1075 4600 i‘naus,
1122 4523 1637 4604 archiepiscopus
1678 4522 2053 4602 Lundensis,
2101 4528 2384 4601 testatur,
2427 4540 2634 4585 coram
2677 4540 2742 4584 se
2780 4524 3004 4585 factam
3043 4540 3184 4583 esse
3222 4524 3535 4600 permuta·
3607 4517 3688 4570 22.
3728 4519 3966 4580 Augusti.

230 4626 443 4687 tionem
480 4626 788 4689 bonorum
834 4628 997 4686 inter
1028 4625 1377 4687 Johannem
1414 4624 1717 4688 Iohannis
1758 4625 1990 4688 dictum
2025 4626 2240 4704 Franz,
2278 4631 2594 4688 cantorem
2633 4624 3053 4703 Lundensem,
3102 4630 3163 4685 et
3194 4624 3534 4698 Trugotum

227 4726 531 4807 Twesson,
576 4730 962 4809 provisorem
1008 4727 1231 4790 domus
1261 4744 1313 4789 s.
1352 4730 1619 4807 Spiritus
1652 4728 2029 4807 Lundensis,
2076 4730 2162 4790 ita
2207 4734 2275 4790 ut
2307 4727 2640 4808 praedictus
2685 4727 3005 4789 Johannes
3062 4732 3278 4788 cantor
3326 4724 3535 4785 domui

228 4848 273 4919 s.
316 4832 581 4911 Spiritus
622 4830 793 4893 hona
837 4828 1117 4909 quiedam
1163 4832 1228 4891 in
1274 4830 1578 4910 Rabylitle
1626 4833 1743 4893 sita
1789 4837 2096 4909 scotaret‘,
2154 4836 2558 4910 reacceptans
2609 4831 2672 4890 in
2725 4832 3194 4909 possessionem
3243 4828 3534 4889 cantoriae
3613 4908 3628 4923 ·

226 4934 329 4995 alia
369 4935 538 4996 hona
580 4936 647 4995 in
680 4932 1057 5013 Rabymakle
1102 4939 1166 4995 et
1200 4934 1538 5013 Errethorp
1585 4934 1648 4995 in
1688 4933 2217 5013 Renehyerhoeret
2261 4934 2397 4995 sita.
2447 4966 2527 4977 —
2574 4932 2828 5011 Laudis,
2876 4935 2938 4993 in
2986 4936 3201 4993 octava
3243 4945 3535 5007 assump-

228 5038 411 5114 cionis
457 5036 521 5099 h.
566 5036 759 5099 Marie
804 5036 1080 5112 virginis.

822 5136 955 5203 Dipl.
994 5137 1231 5198 Svecan..
1270 5138 1349 5191 ed.
1387 5138 1441 5189 B.
1472 5138 1530 5191 E.
1560 5136 1877 5189 Hildebrand
1915 5138 1969 5190 V.
2006 5137 2123 5192 598.
