4275 5759
431 523 618 589 1326.

239 1018 242 1023 ’
342 1036 426 1091 30.
463 1038 673 1101 Aptius.

452 1653 501 1707 3.
541 1656 671 1715 Mali.

451 1858 498 1911 3.
540 1860 672 1922 lien.

453 1980 501 2029 5.
542 1980 670 2039 man.

451 2606 500 2661 8.
543 2611 670 2669 Majt.

418 3121 499 3175 11.
541 3124 670 3183 Man.

419 3650 502 3701 14.
541 3648 672 3711 uni.
721 3708 728 3715 ,

428 4078 473 4129 7.
511 4078 670 4128 Junii.

429 4178 476 4232 8.
516 4180 673 4231 Junll.

749 358 895 431 206
1781 352 1848 428 K
1857 375 1994 427 ouo
2049 350 2537 425 Cnms‘rorrnn
2586 373 2721 423 nnn
2777 352 3052 423 Aunsn.

1272 495 1667 503 —-————-———

745 628 1010 706 Kongen
1057 630 1126 690 af
1172 629 1506 691 Danmark.
1555 664 1636 674 —
1683 630 2077 708 Vorstenowe‚
2135 627 2248 689 des
2306 627 2585 691 drudden
2636 626 3096 701 dinsohedages
3140 641 3223 685 na
3266 623 3405 687 dem
3454 624 3757 703 paschon,
3804 624 3899 683 als
3946 640 4083 683 man

744 732 953 809 singet
996 732 1458 795 Misericordias
1503 733 1775 794 Domini.
3702 725 4082 803 (Plattydsk.)

857 832 864 839 '
1363 832 1571 889 Riedel.
1619 834 1794 885 Codex
1839 832 2052 899 diplom.
2092 832 2485 896 Brundenburg.
2535 832 2582 885 1.
2619 832 2865 898 Haupttb.
2904 830 2965 881 Il.
3002 830 3122 885 333.
3200 828 3713 892 Meklsnburgiscbes
3749 827 4086 878 urkundenb.

1361 917 1462 969 Vll.
1497 918 1754 973 351—52.

1052 1037 1273 1102 *1402
1363 1040 1644 1102 Wurrsri
1691 1039 1768 1101 de
1817 1002 2101 1101 Luvzows
2146 1038 2361 1100 mllilis
2406 1040 2645 1115 litterae,
2695 1036 2944 1115 quibus,
2993 1052 3184 1113 quum
3222 1036 3515 1097 [linricus
3549 1034 4089 1113 Magnopolensis‚

746 1140 1156 1217 Stargarffliae)
1209 1148 1270 1202 et
1317 1141 1591 1204 Rozstok
1653 1143 1948 1204 dominus
1994 1149 2221 1203 terram
2270 1141 2575 1202 Drenowe
2618 1158 2763 1201 cum
2810 1138 3067 1200 abbacia
3112 1138 3543 1225 Doberanensi
3590 1138 3707 1198 sibi
3754 1136 4086 1212 obligatam

741 1242 1105 1321 redemerit,
1167 1262 1236 1305 se
1293 1244 1368 1305 ad
1417 1249 1614 1305 terras
1660 1262 1697 1305 a
1743 1262 1810 1307 se
1857 1244 2119 1307 ulterius
2168 1243 2475 1320 obligatas
2524 1241 2921 1304 redimendas
2980 1241 3235 1317 obligat.
3295 1275 3377 1285 —-
3436 1240 3971 1318 Wordinqeboryh,
4029 1242 4085 1299 in

745 1347 1026 1424 profesto
1071 1348 1499 1426 apostolorum
1547 1346 1815 1426 Philippi
1862 1352 1923 1407 et
1967 1346 2206 1408 Jacobi.

1361 1445 1878 1512 Meklenb'urgisohes
1932 1449 2272 1500 urkundenb.
2330 1448 2432 1498 Vll.
2484 1446 2604 1501 355.
2692 1447 2879 1505 Liscb,
2932 1446 3217 1498 δύη-1111011.
3273 1445 3321 1496 (1.
3370 1446 3587 1497 Vereins
3642 1446 3675 1496 l'.
3725 1444 4089 1506 meklenburg.

1357 1534 1544 1587 Gescb.
1584 1534 1845 1587 xxxvln.
1881 1534 1965 1587 35.

1092 1654 1278 1721 1983,
1370 1654 1547 1714 Lisch‚
1585 1654 1818 1705 Urkund.
1859 1669 1951 1704 zur
1985 1654 2174 1707 Gesch.
2206 1654 2253 1703 d.
2292 1653 2633 1705 Geschlecbts
2664 1652 2799 1705 Behr
2834 1652 2895 1703 ll.
2934 1652 3187 1706 111—14.
3258 1651 3560 1711 Micholsen,
3595 1651 4093 1704 Urkundensamml.

1362 1740 1420 1791 11.
1459 1741 1714 1795 163-66.
1788 1740 2303 1813 Meklenburgiscbes
2338 1738 2677 1791 Urkundenb.
2717 1736 2817 1788 Vll.
2852 1738 3107 1793 358—61.

1085 1860 1270 1925 1984,
1364 1860 1878 1925 lleklenburgisehes
1913 1860 2253 1912 Urkundenb.
2293 1859 2390 1913 vn.
2426 1857 2680 1913 361—64.

1058 1978 1277 2043 *1403
1372 1981 1737 2043 Cmsrorom
1782 1981 2101 2042 Danorum
2153 1980 2637 2056 sclavorumque
2695 1978 2863 2055 regis
2920 1978 3170 2055 litteroe,
3229 1978 3457 2056 quibus
3512 1978 3749 2039 litteras
3804 1983 4093 2054 patentes

743 2080 1001 2142 Hem-ici
1025 2082 1542 2162 Magnopolensis
1567 2090 1754 2161 atque
1777 2083 2086 2145 Johannis
2111 2088 2173 2143 et
2196 2082 2587 2143 Hennecbini
2612 2080 3007 2143 dominorum
3035 2080 3113 2142 de
3137 2080 3346 2142 Werle
3372 2096 3565 2158 super
3586 2078 4097 2158 planationibus

742 2185 905 2244 inter
950 2202 1018 2245 se
1074 2191 1136 2246 et
1180 2186 1356 2263 ipsos
1404 2185 1920 2262 Wordingburgh
1971 2185 2086 2247 sub
2134 2202 2302 2246 anno
2349 2185 2679 2245 millesimo
2727 2184 3171 2244 trecentesimo
3220 2182 3513 2244 vicesimo
3562 2187 3738 2243 sexto
3780 2182 3845 2241 in
3890 2196 4099 2242 coena

743 2284 992 2347 Domini
1038 2286 1219 2348 Iactis
1257 2288 1432 2349 datas
1471 2292 1722 2349 revocat
1763 2294 1824 2349 et
1863 2294 2092 2349 cassat.
2135 2322 2203 2331 —
2249 2286 2573 2365 Nykopinq
2607 2286 2879 2365 Fulserie,
2929 2278 3208 2348 secunde
3250 2284 3401 2347 ferio
3432 2285 3715 2364 proxima
3746 2288 3893 2363 post
3929 2284 4095 2344 diem

742 2390 1137 2451 ascensionis
1181 2389 1454 2451 Domini.

1359 2492 1874 2555 Meltlenburglscbes
1909 2492 2251 2543 Urkundonb.
2290 2490 2389 2543 vn.
2427 2492 2545 2546 364.

1049 2610 1268 2676 *1404
1359 2611 1639 2674 Knosos
1699 2611 2241 2691 NAssxuuuuosou‚
2312 2613 2707 2673 consiliarius
2766 2612 2932 2687 regis
2992 2611 3256 2687 Sveciae,
3324 2610 3399 2670 ad
3469 2609 3777 2669 civitatem
3835 2605 4094 2669 Rivaliae

745 2712 981 2791 scribit,
1031 2715 1338 2776 Kanutum
1379 2715 1619 2776 Jonson
1668 2715 2012 2793 dapiferum
2052 2731 2195 2776 cum
2234 2732 2379 2791 rege
2418 2715 2623 2775 Daciae
2670 2713 2747 2775 de
2782 2730 2937 2791 pace
2972 2714 3135 2773 inter
3166 2710 3461 2773 Mathiam
3498 2709 4095 2789 Kyoetilmundaeson

745 2821 806 2876 et
850 2818 1156 2877 civitatem
1204 2815 1458 2877 Rivaliae
1507 2817 1860 2895 placitando
1906 2818 2134 2893 egisse.
2188 2852 2261 2861 —-
2315 2816 2493 2895 Abeo,
2544 2819 2603 2877 in
2652 2824 2867 2877 octava
2910 2814 3305 2877 ascensionis
3351 2812 3625 2892 Domini,
3672 2814 3809 2875 sine
3853 2828 4053 2875 anno.

1359 2919 1560 2982 Bunge‚
1610 2919 1769 2979 Liv.-,
1811 2919 1990 2969 Estb.-
2031 2932 2083 2969 u.
2121 2918 2535 2970 Curlfindisches
2571 2919 2908 2969 urkundenb.
2946 2916 3004 2967 ll.
3042 2916 3296 2970 219-20.
3369 2914 3623 2979 Rydberg,
3670 2916 3893 2979 Sverges
3929 2916 4099 2967 Trak-

1357 3008 1491 3055 tater
1515 3004 1563 3055 .I.
1599 3003 1854 3059 520-21.

1049 3122 1267 3188 *1405
1360 3126 1783 3202 GusnmnoUS,
1836 3140 2053 3185 comes
2093 3124 2411 3186 Holtzatiae
2455 3130 2639 3202 atque
2676 3123 3139 3185 administrator
3172 3124 3350 3199 regni
3386 3122 3615 3201 Dacioe,
3662 3124 4098 3199 recognoscit,

742 3226 1156 3304 Timmonem,
1203 3226 1394 3288 fllium
1443 3226 1678 3289 Hinrici
1726 3226 2096 3304 Beyenvlete
2148 3226 2318 3306 dicti,
2371 3226 2655 3289 ecclesioe
2700 3226 2857 3289 Novi
2894 3226 3261 3289 Monasterii
3306 3240 3491 3287 omne
3527 3226 3659 3303 jus,
3708 3226 3765 3285 si
3808 3224 3981 3302 quod
4032 3226 4095 3285 in

745 3327 1114 3406 quibusdam
1179 3329 1509 3407 jugeribus
1589 3331 1652 3391 in
1721 3330 2020 3410 parochia
2085 3329 2367 3391 Wilstria
2436 3329 2573 3391 sitis
2638 3328 2954 3409 babuerit,
3025 3330 3405 3406 resignasse.
3472 3362 3557 3372 -
3625 3325 4096 3405 Reyndisborch,

745 3430 842 3491 die
889 3429 1316 3492 Pentecostes.

1358 3534 1712 3597 Westpbslen,
1751 3535 2090 3586 monumenta
2125 3533 2186 3584 11.
2224 3533 2306 3588 93.

1052 3652 1270 3715 ’1406
1365 3654 1729 3717 Cnusrorom
1787 3654 2108 3716 Danorum
2167 3655 2653 3731 Sclavorumque
2716 3655 2881 3731 regis
2938 3654 3235 3730 obligatio
3292 3653 3367 3713 de
3424 3652 3594 3714 mille
3660 3652 3890 3713 marcis
3951 3654 4099 3731 puri

745 3756 985 3830 argenti
1050 3755 1165 3816 sub
1228 3756 1504 3834 pondere
1566 3756 1930 3818 Coloniensi
1988 3759 2259 3819 Henrico
2316 3757 2833 3836 Magnopolensi,
2892 3754 3243 3833 Stnrgardie
3300 3762 3363 3816 et
3418 3757 3479 3815 in
3528 3755 3769 3816 Rostok
3828 3753 4097 3815 domino

745 3854 994 3920 duobus
1043 3858 1324 3918 terminis
1373 3858 1620 3919 statutis
1665 3860 2118 3939 persolvendis.
2171 3894 2239 3905 —
2296 3859 2580 3938 Rybeniz,
2626 3860 2779 3921 feria
2825 3865 3040 3937 quarta
3086 3860 3147 3919 in
3196 3856 3543 3920 ebdomada
3581 3857 4026 3919 Pentecostes.

1357 3960 1870 4024 Meklenburglsobes
1905 3961 2244 4013 Urkundenb.
2280 3960 2384 4012 vn.
2420 3961 2538 4015 365.

1087 4078 1273 4143 1985,
1364 4079 1496 4144 Dlpl.
1528 4082 1765 4142 Sveean.,
1805 4082 1883 4132 ed.
1925 4083 1976 4131 B.
2006 4082 2062 4132 E.
2094 4081 2413 4133 Illldebrand
2443 4080 2523 4132 111.
2562 4080 2813 4135 714-19.
2886 4080 3215 4131 Aarsberetn.
3244 4080 3321 4131 fro
3353 4080 3744 4131 Gebelmearcb.
3772 4078 3833 4129 11.
3865 4078 4095 4133 11—15.

1052 4181 1270 4246 *1401
1363 4182 1543 4261 Kong
1599 4184 1922 4249 vatemus
1981 4185 2254 4246 forlener
2312 4184 2420 4245 ΗΥ.
2480 4183 2715 4262 Ludvig
2772 4182 3137 4245 Albretssen
3205 4182 3347 4271 med
3404 4184 3637 4260 Viborg
3700 4198 3781 4260 og
3837 4182 4095 4246 Lands-

613 4322 626 4335 ·
747 4282 1338 4347 dommerembedet.
1386 4318 1470 4331 --
1522 4286 1712 4365 Vedle,
1762 4286 1882 4348 den
1933 4287 2185 4363 Sendsg
2230 4294 2390 4349 uaest
2433 4289 2531 4349 for
2572 4287 2694 4347 Viti
2742 4304 2818 4349 oc
2864 4285 3135 4349 Modesti
3179 4286 3319 4362 dag.

394 4486 476 4537 22.
514 4487 674 4538 Junll.

448 4994 495 5047 4.
533 4996 672 5047 Iulii.

447 5098 498 5149 5.
533 5097 672 5149 lulli.

1361 4388 1477 4441 Udt.
1517 4391 1532 4439 I
1568 4388 1834 4448 Hvltt'eldt,
1874 4387 2057 4440 Danm.
2096 4387 2253 4452 Riges
2286 4389 2447 4440 Kron.
2482 4390 2539 4439 S.
2567 4388 2669 4443 436
2704 4389 3003 4452 (Χῖαι-ωας.
3038 4388 3123 4439 111.
3157 4386 3292 4449 343).

951 4510 958 4519 ·
1052 4488 1270 4554 *1408.
1361 4491 1772 4562 Umvrnsonuin
1812 4508 2038 4553 nunu
2076 4490 2319 4554 Meosne
2352 4498 2417 4553 et
2450 4507 2655 4555 νιιιΑικ
2694 4492 2893 4553 Snus:
2930 4506 3379 4554 inuam-mariun
3414 4490 3653 4569 littsrae,
3699 4506 3771 4551 se
3804 4490 4099 4553 ilenriko

745 4588 1228 4669 Magnopolensi
1274 4600 1336 4655 et
1379 4593 1650 4655 Johunui
1697 4593 1774 4655 de
1806 4592 2057 4672 Waerle,
2107 4595 2335 4671 quibus
2384 4595 2768 4656 cristoforus
2812 4594 3131 4656 Danornm
3172 4593 3657 4671 sclavorumque
3704 4609 3808 4653 rex
3857 4598 4099 4656 terram

742 4691 1103 4771 praedictam-
1149 4702 1210 4755 et
1247 4700 1522 4757 castrum
1559 4695 1965 4773 Stykaeborgh
2007 4696 2184 4757 titulo
2222 4697 2502 4774 pignoris
2539 4696 2921 4775 obligaverit,
2968 4696 3327 4773 homagium
3362 4695 3675 4757 fidelitatis
3710 4696 3971 4758 recisse.
4014 4732 4091 4743 -

745 4792 924 4871 Apud
959 4803 1309 4873 passaqium
1354 4799 1735 4875 (frenosum,
1783 4799 1846 4858 in
1894 4797 2209 4859 dominica
2252 4800 2531 4878 proxima
2576 4805 2719 4861 ante
2761 4800 2989 4861 festum
3036 4801 3097 4862 b.
3144 4799 3450 4862 lobannis
3495 4800 3803 4880 baptistae.

1353 4899 1869 4962 Beklenburglscbes
1906 4900 2244 4952 Urkundenb.
2284 4900 2382 4953 vn.
2419 4900 2673 4957 372—73.

1082 5000 1264 5067 1986.
1355 5003 1486 5067 mpl.
1525 5004 1764 5065 Svecan„
1804 5003 1884 5053 ed.
1923 5004 1978 5053 B.
2003 5002 2062 5055 Β.
2091 5002 2411 5057 Hildebraud
2446 5004 2529 5057 ut.
2568 5004 2683 5059 721.

1079 5102 1262 5169 1987,
1357 5104 1564 5157 Brudst.
1603 5106 1620 5155 1
1659 5104 1710 5155 Ρ.
1739 5105 2015 5171 Terpager,
2053 5106 2197 5173 Ripa)
2233 5106 2511 5161 Cimbrico
2549 5108 2583 5157 S
2629 5106 2745 5163 695.

2756 5004 2870 5057 Udt.
2908 5008 2925 5057 l
2962 5006 3151 5065 Suhm,
3187 5006 3317 5057 utst.
3352 5005 3409 5057 al
3442 5006 3623 5062 Duum.
3662 5004 3767 5057 xu.
3805 5005 3925 5064 12¹7.
