4275 5759
368 629 758 700 1273-1288.

497 1437 681 1504 1274.

503 1576 551 1629 9.
591 1573 734 1624 Febr.

433 2072 515 2126 16.
552 2070 699 2123 Febr.

472 2481 557 2538 23.
592 2481 733 2534 lulli.

400 2587 483 2641 29.
522 2583 726 2652 septbr.

371 3200 527 3261 Ante
591 3191 776 3260 1275.

506 3998 693 4066 1275.

418 4121 503 4176 29.
532 4122 749 4174 ianuar.

476 4225 559 4279 20.
598 4224 743 4275 Febr.

494 4345 576 4399 22.
614 4345 747 4406 Maii.

453 4963 502 5016 9.
540 4962 749 5014 Octobr.
851 5015 859 5020 .

809 359 905 430 88
2024 348 2241 422 Kone
2285 347 2477 420 Eam
2523 347 2886 424 Gurrmo.

2164 611 2326 694 127
2336 611 2780 696 3-1288.

1155 764 1327 831 *469.
1417 765 1717 837 Tincouis)
1778 763 2059 842 episcopi
2114 759 2409 840 Ripensis
2465 760 2680 824 litterae
2737 761 2814 824 de
2874 764 3328 843 compositione
3375 763 3536 825 inter
3590 780 3659 825 se
3722 770 3783 826 et
3827 763 4109 826 dominun

807 869 927 930 Jon
972 868 1139 929 lwaer
1183 885 1301 931 sun
1348 867 1423 930 de
1470 881 1787 928 consensu
1849 863 2122 943 capituli,
2169 866 2256 926 ita
2312 870 2380 926 ut
2422 863 2542 925 Jon
2596 881 2713 945 pro
2769 864 2962 927 fundo
3024 866 3088 926 in
3133 865 3507 943 Fogherhalt
3565 864 3726 928 duos
3783 867 3962 930 funes
4003 883 4110 944 pro

808 988 935 1035 uno
982 973 1043 1032 in
1100 968 1537 1046 Yldaerbiaergh
1584 972 1645 1029 et
1690 984 1801 1047 pro
1850 969 2030 1028 terris
2088 969 2152 1027 in
2210 967 2609 1029 Seemmarch
2667 968 2876 1029 funem
2933 983 3048 1046 pro
3103 968 3250 1030 fune
3309 969 3372 1028 in
3431 967 3840 1045 Havaerhioerg
3897 969 4110 1029 hahere

809 1073 1048 1135 debeat.
1096 1108 1179 1119 -—
1226 1073 1370 1135 Sine
1416 1089 1602 1133 anno.

1420 1174 1477 1226 Ο.
1516 1172 1743 1233 Nielsen,
1782 1171 2017 1235 Samllng
2054 1170 2108 1221 af
2140 1170 2450 1223 Adkomster
2487 1184 2534 1221 o.
2573 1185 2614 1222 s.
2652 1184 2699 1223 v.
2737 1170 2816 1222 for
2852 1170 2980 1223 Ribe
3017 1171 3342 1236 Domkapitci
3381 1172 3432 1222 S.
3469 1171 3555 1225 21.

2348 1412 2596 1499 1274.

1156 1565 1329 1632 *47o.
1419 1566 1679 1629 Jacosus
1704 1566 1867 1628 filius
1903 1565 2190 1628 Nicholai
2233 1566 2480 1627 comitis
2525 1563 2918 1648 (Ballandiae)
2964 1567 3384 1644 recognoscit,
3433 1583 3504 1628 se
3529 1564 3745 1628 Ottoni
3789 1568 3997 1628 comiti
4039 1566 4114 1626 de

810 1669 1256 1748 Ravensbergh
1303 1676 1553 1732 centnm
1602 1675 1665 1730 et
1709 1671 2026 1746 octoginta
2068 1685 2312 1730 marcas
2359 1667 2569 1729 denar.
2619 1675 2886 1732 moneta
2933 1668 3368 1731 Ballandensis
3425 1666 3675 1730 debere.
3727 1703 3803 1715 -
3849 1669 4110 1742 Glauctas,

810 1777 1027 1854 quinto
1072 1773 1212 1835 idus
1260 1771 1595 1834 Februarii.
1944 1813 1949 1818 -
2066 1791 2071 1796 ·

1418 1873 1622 1936 Lamey,
1678 1870 2086 1936 Diplomatische
2122 1872 2436 1924 Geschichte
2471 1871 2521 1923 d.
2559 1872 2698 1924 alten
2737 1873 2927 1925 Graten
2965 1887 3012 1924 v.
3050 1872 3412 1937 nuorinberg,
3468 1871 3644 1924 Codex
3679 1872 3948 1937 diplomat.
3985 1875 4033 1924 S.
4053 1872 4120 1927 48

1423 1958 1568 2013 —49.
1641 1957 1837 2018 noller,
1876 1957 2360 2022 Foru-Handlingar
2397 1957 2620 2011 rorando
2657 1958 2878 2010 Ralland
2913 1961 2962 2009 S.
3000 1959 3106 2012 20.-

1156 2062 1329 2129 *471.
1419 2059 1830 2143 Tn(sonna1c1)
1877 2063 2123 2124 comitis
2150 2061 2454 2124 clivensis
2500 2062 2714 2124 litterae
2761 2062 2837 2124 ad
2863 2063 3111 2124 Erikum
3156 2079 3367 2139 regem
3392 2062 3604 2142 Dacie‚
3653 2061 3880 2140 quibus
3925 2063 4000 2124 ab
4047 2079 4120 2124 eo

809 2169 981 2248 petit,
1029 2173 1097 2228 ut
1138 2165 1308 2228 bona
1350 2166 1581 2229 Alberti
1627 2165 1775 2227 dicti
1818 2163 1977 2244 Albi,
2026 2166 2131 2243 qui
2176 2164 2340 2244 apud
2383 2164 2644 2227 Holbike
2691 2165 3054 2244 decesserit,
3101 2163 3436 2228 heredibus
3483 2167 3642 2244 ejus,
3689 2164 4018 2226 Thiderico
4065 2171 4125 2226 et

809 2271 1161 2348 Thiderioo‚
1209 2268 1507 2331 tradenda
1551 2273 1749 2330 curet.
1797 2302 1881 2311 —
1924 2267 2169 2330 Iuliane
2214 2268 2490 2344 virginis.

1421 2369 1757 2422 Urknndenb.
1795 2369 1845 2420 d.
1884 2367 2033 2420 Stadt
2066 2368 2278 2420 Luheck
2313 2368 2376 2420 11.
2411 2368 2632 2424 34—35.

1146 2473 1333 2539 1228,
1423 2472 1481 2525 0.
1520 2472 1745 2532 Nielsen,
1785 2471 2019 2535 Samllng
2056 2471 2111 2522 af
2142 2471 2452 2548 Adkomster
2487 2485 2533 2523 o.
2572 2485 2614 2522 s.
2651 2485 2700 2523 v.
2736 2472 2817 2523 ior
2854 2471 2982 2523 Bibe
3017 2471 3342 2536 Domkapitel
3377 2473 3430 2524 S.
3466 2471 3617 2526 4—-5,

1157 2576 1331 2641 *472
1422 2577 1832 2652 Μωιωιιιτᾼ)
1870 2575 2188 2636 Danorum
2216 2574 2696 2654 Sclavorumque
2741 2577 2974 2655 regina,
3026 2575 3278 2638 domina
3320 2576 3616 2654 Bistoniae,
3663 2575 3953 2653 Johanni,
4004 2574 4126 2636 illio

814 2681 1195 2760 Undelempi,
1243 2679 1515 2741 alodium
1562 2695 1755 2740 unum
1802 2680 1865 2739 in
1910 2678 2051 2740 villa
2073 2678 2320 2756 Pugaete
2369 2685 2430 2740 et
2473 2679 2707 2740 curiam
2753 2694 2940 2740 unam
2985 2679 3048 2738 in
3095 2685 3300 2740 castro
3330 2677 3678 2741 Revaliensi
3717 2681 3858 2758 jure
3904 2678 4129 2739 feodali

810 2787 872 2847 in
920 2788 1285 2864 perpetuum
1332 2781 1713 2862 possidenda
1756 2781 2063 2842 concedit.
2116 2815 2190 2827 —-
2239 2780 2603 2860 Nykoepinq,
2656 2783 2719 2842 in
2764 2780 2862 2843 die
2907 2779 2967 2840 ῦ.
3015 2779 3356 2844 Michaelis.

1423 2884 1629 2948 Bunge,
1677 2883 1841 2944 Liv.·,
1888 2882 2063 2935 Esth.·
2101 2897 2154 2933 u.
2194 2881 2604 2935 Curlimdisches
2643 2882 2977 2934 Urkundenb.
3019 2881 3099 2934 ΙΙΙ.
3139 2882 3356 2938 70-72.
3448 2883 3655 2935 Brudst.
3694 2886 3711 2934 1
3759 2883 3973 2947 Bungc,
4029 2883 4130 2932 Das

1428 2969 1777 3034 Herzogthum
1811 2967 2033 3021 Estland
2068 2970 2120 3020 S.
2159 2967 2276 3023 363.

2188 3181 2405 3261 Ante
2476 3178 2729 3261 1275.

1118 3329 1295 3397 *473.
1385 3329 1576 3392 Index
1633 3329 1849 3392 telonii
1904 3329 1967 3390 in
2028 3329 2270 3392 civitate
2328 3328 2864 3390 Greifeswaldensi
2929 3328 3135 3406 dandi,
3204 3329 3267 3390 in
3327 3345 3448 3407 qua
3501 3327 3798 3390 telonium
3859 3345 3896 3388 a
3941 3329 4134 3392 Dauus

816 3441 877 3495 et
921 3434 1211 3496 omnibus
1258 3432 1675 3494 habitantibus
1725 3434 1787 3493 in
1834 3438 2000 3494 terra
2042 3430 2222 3493 ducis
2273 3431 2576 3494 Stnswiffl
2635 3436 2695 3492 et
2737 3448 2852 3512 pro
2897 3433 3320 3495 mercimoniis
3364 3433 3428 3492 in
3474 3431 3727 3492 Daciam
3787 3437 3850 3492 et
3903 3437 4134 3494 terram

817 3537 1110 3600 sleswich
1156 3535 1457 3598 ducendis
1504 3535 1773 3598 dandum
1819 3535 2195 3596 nominatur.
2243 3569 2326 3581 --
2371 3534 2517 3596 Sine
2563 3549 2749 3595 anno.

1426 3639 1760 3703 Koscgartcn,
1797 3636 1871 3688 Dc
1906 3635 2300 3702 Gryphisvaldla
2335 3636 2522 3687 Hansoe
2557 3636 2968 3688 Teutonicorum
3004 3640 3146 3688 socia
3186 3639 3236 3688 S.
3274 3634 3492 3691 11-12.
3564 3635 3880 3686 Hausisches
3921 3634 4137 3687 Urkun-

1426 3723 1578 3776 denh.
1617 3724 1653 3775 1.
1691 3723 1946 3778 261-62.
2019 3722 2190 3786 Tydsk
2225 3723 2401 3774 overs.
2442 3725 2456 3772 l
2496 3720 2647 3782 Fock,
2686 3721 3359 3787 lingensch-pommersche
3391 3722 3740 3775 Geschlchten
3778 3723 3836 3774 ll.
3873 3721 4137 3776 212-14.

2355 3966 2517 4051 127
2527 3970 2607 4051 5.

1154 4135 1340 4201 1237,
1430 4135 1487 4186 Ο.
1526 4135 1750 4196 Nielsen,
1788 4134 2154 4197 mahenhavns
2192 4133 2623 4198 Diplomatarlum
2661 4135 2698 4187 1.
2733 4133 2953 4188 24-25.

1155 4237 1339 4305 1238,
1429 4237 1486 4290 0.
1526 4239 1749 4300 Nieisen,
1788 4235 2155 4300 nubentium:
2192 4237 2624 4302 Dlplomatarium
2661 4239 2698 4290 1.
2735 4237 2818 4292 25.

1165 4342 1339 4407 *474.
1432 4341 1745 4406 Consum:
1782 4359 1901 4404 nec
1935 4359 2065 4404 non
2109 4359 2542 4405 uulnusnrnis
2581 4356 2936 4404 cunensium
2982 4340 3059 4403 de
3093 4339 3380 4404 Rosrocx
3404 4339 3642 4418 litterae,
3692 4339 3918 4417 quihus
3941 4339 4142 4402 Ever-

818 4446 1034 4526 hardo‚
1082 4446 1376 4508 confratri
1411 4445 1849 4525 hospitalitatis
1888 4447 2087 4508 sancti
2124 4445 2413 4525 Spiritus,
2461 4443 2777 4523 mandant,
2824 4449 2892 4507 ut
2936 4443 3310 4505 elemosinas
3363 4442 3648 4522 accipiat,
3696 4458 3833 4519 quae
3879 4449 4144 4521 propter

820 4548 1235 4625 indulgentias
1280 4547 1355 4610 ab
1404 4547 1773 4626 quibusdam
1819 4548 2316 4627 archiepiscopis
2362 4553 2424 4609 et
2467 4547 2807 4627 episcopis,
2855 4547 3016 4608 inter
3061 4562 3219 4624 quos
3275 4545 3600 4606 »dominus
3623 4542 3853 4606 Psi-nus
3879 4543 4140 4606 Winte-

820 4669 1021 4715 osssis
1059 4652 1428 4731 episcopus·
1464 4653 1838 4731 nominatur,
1885 4650 1962 4712 ad
2010 4649 2556 4713 exaediflcationem
2591 4649 2919 4730 hospitalis
2955 4648 3276 4727 cujusdam
3319 4647 3703 4710 infirmorum
3741 4647 3802 4707 in
3828 4646 4140 4709 honorem

821 4757 1021 4818 sancti
1068 4753 1331 4833 Spiritus
1379 4771 1721 4817 concessas
1768 4751 2248 4834 praestahuntur.
2296 4787 2380 4798 —
2429 4751 2682 4828 Rostoclt,
2735 4753 2796 4813 in
2845 4750 3048 4828 vigilia
3097 4751 3522 4814 Ascensionis.

1430 4855 1781 4921 Meklenburg.
1827 4856 2164 4910 Urkundenh.
2210 4855 2270 4906 11.
2306 4853 2560 4908 514-16.

1167 4958 1343 5026 *475-
1434 4961 1672 5024 Statuta
1705 4975 1971 5024 emirum
2018 4975 2422 5023 Pnovmcmus
2456 4973 2688 5022 onmms
2715 4956 2776 5017 S.
2803 4957 3116 5020 Auousrnu
3164 4957 3224 5017 in
3249 4956 3437 5020 Dim
3486 4955 3560 5017 de
3607 4955 4148 5034 consessionihu5‚

818 5065 1125 5126 bonorum
1171 5065 1564 5142 alienatione,
1612 5063 1823 5125 habitu
1867 5064 2122 5124 fratrum
2171 5068 2290 5124 etc.
2337 5096 2424 5108 —-
2464 5059 2782 5138 Gridesles‚
2831 5059 2928 5121 die
2975 5063 3172 5120 sancti
3223 5059 3522 5138 Dyonisii.

1432 5166 1721 5230 Langebek‚
1760 5166 2005 5229 scriptor.
2048 5178 2146 5216 rer.
2187 5164 2422 5214 Danlcar.
2461 5161 2515 5212 V.
2555 5161 2670 5215 633.
