4275 5759
1624 382 1843 456 Kone
1897 381 2117 456 OLur.
3385 389 3531 462 399

338 743 345 751 ι
504 657 723 724 *2973-
814 658 1002 721 Vicxo
1070 673 1181 720 von
1239 657 1579 720 flumem
1636 673 1717 733 og
1774 656 2068 720 Furorum
2127 657 2578 720 Wsurzsusnnc
2647 651 2814 736 love,
2885 664 2947 719 at
3003 658 3077 719 de
3134 657 3306 722 4500
3363 659 3533 719 Mark

221 762 401 842 lybsk,
448 779 584 823 som
634 760 709 823 de
756 762 909 822 have
955 761 1123 822 laant
1166 761 1234 821 af
1272 761 1420 821 flere
1456 758 1669 837 lybske
1710 759 2001 838 Borgere‚
2052 759 2250 821 skulle
2295 759 2534 822 hetales
2581 760 2752 822 disse
2787 761 3014 838 tilhage
3062 760 3126 821 af
3157 759 3534 840 Sjettedelen

218 867 277 925 af
304 865 634 941 Asgisterne
679 880 797 943 paa
829 862 1237 925 Markederne
1284 865 1301 922 i
1340 863 1580 923 Skaner
1625 878 1705 940 og
1746 861 2085 924 Falsterho.
2133 896 2217 907 —
2263 862 2332 924 ln
2369 869 2552 925 sunte
2591 862 2855 924 Mathias
2892 863 3093 940 daghe
3129 862 3241 926 des
3279 863 3532 940 hilgheu

3667 556 3822 622 1377
3833 605 3846 620 .

3602 657 3688 712 24.
3725 659 3872 712 Febr.

217 966 488 1047 apostoli.
3153 965 3534 1044 (Plattydsk.)
3607 1001 3614 1011 ·

819 1051 1159 1104 Urkundenb.
1198 1049 1233 1100 d
1286 1049 1436 1102 Stadt
1469 1048 1685 1102 Lobeck
1718 1049 1794 1103 lv,
1835 1049 2091 1104 366-67.

506 1171 725 1238 *2974
818 1172 1054 1248 Hertug
1110 1171 1257 1233 Eam
1323 1171 1390 1231 af
1442 1170 1721 1232 Sachsen
1781 1169 2174 1233 underretter
2234 1171 2411 1248 Kong
2470 1169 2623 1232 oluf
2675 1171 2740 1232 af
2796 1171 3136 1248 Danmark‚
3207 1171 3534 1248 Dronning

214 1275 552 1352 Margrethe
598 1277 665 1336 af
704 1275 915 1350 Sverig
964 1291 1043 1352 og
1092 1273 1299 1350 Norge
1347 1289 1427 1349 og
1472 1273 1764 1350 Henning
1810 1272 2166 1352 Podehusk,
2230 1273 2572 1334 Danmarks
2617 1273 2812 1350 Riges
2861 1274 3070 1352 Drost,
3131 1290 3256 1352 om,
3304 1281 3366 1335 at
3412 1275 3534 1336 han

218 1379 317 1439 har
357 1381 523 1455 givet
568 1379 715 1440 flere
751 1378 1023 1454 Borgere
1071 1379 1089 1436 i
1126 1375 1377 1438 Lubeck
1414 1377 1757 1452 Anvisning
1803 1391 1923 1456 paa
1966 1384 2027 1436 at
2074 1375 2242 1437 haeve
2291 1376 2367 1437 de
2400 1375 2574 1440 4500
2607 1376 2779 1438 Μαι-1(
2829 1375 3024 1456 lybsk,
3075 1393 3211 1438 som
3259 1377 3335 1439 de
3382 1377 3534 1438 have

216 1482 367 1541 laant
418 1488 484 1543 to
538 1481 607 1542 af
657 1481 815 1541 hans
860 1479 1241 1557 Amtmaend,
1300 1478 1366 1540 af
1416 1477 1534 1540 den
1596 1477 1890 1556 Sjettedel
1946 1478 2011 1538 af
2064 1479 2405 1554 Asgifterne
2461 1495 2580 1558 paa
2623 1479 3028 1541 Markederne
3090 1481 3109 1539 i
3160 1480 3398 1540 Skaner
3455 1497 3535 1556 og

216 1583 553 1662 Falsterho,
612 1600 751 1645 som
797 1599 863 1645 er
908 1583 1051 1643 ham
1110 1581 1240 1644 selv
1286 1581 1587 1659 tilstaaet3
1645 1582 1781 1643 hvis
1840 1582 1962 1641 han
2010 1581 2336 1642 erhverver
2382 1580 2756 1660 Sjettedelen
2815 1583 2882 1642 at·
2920 1581 3157 1644 Tolden
3216 1585 3236 1642 i
3281 1581 3534 1660 Malum,

217 1687 333 1748 skal
378 1687 489 1748 der
535 1703 731 1764 ogsaa
771 1686 977 1747 hoeves
1026 1684 1219 1746 derat'.
1268 1718 1347 1729 —
1395 1683 1464 1744 ln
1512 1688 1695 1745 sunta
1737 1683 2003 1745 Mathias
2050 1683 2252 1760 daghe
2301 1683 2412 1744 des
2461 1683 2715 1761 hilghen
2764 1684 3052 1764 apostoli.
3156 1684 3535 1764 (Plattydsk.)

814 1786 1155 1840 urkundenb.
1192 1787 1240 1837 d.
1279 1784 1432 1838 stadt
1463 1785 1678 1836 Lfibock
1714 1784 1794 1836 lv.
1830 1783 2087 1840 364—66.

503 1906 724 1973 *2975
812 1908 1100 1972 Iomanis
1172 1907 1435 1986 Srorrr,
1504 1908 1821 1988 praepositi
1888 1893 2244 1986 Tot’tensis,
2317 1908 2523 1968 fratris
2579 1908 2863 1986 Annium,
2932 1907 3213 1984 gardiani
3279 1907 3536 1970 claustri

217 2011 733 2090 Swinburgensis,
790 2013 1053 2090 Annum,
1112 2012 1376 2089 rectoris
1433 2010 1720 2072 ecclesiae
1765 2009 2095 2089 Byerghhy
2140 2008 2570 2089 Thoslandiae,
2629 2016 2690 2072 et
2744 2009 3034 2073 Ioannis
3082 2009 3323 2089 Ctoor,
3381 2011 3534 2072 civis

218 2114 732 2194 swinbnrgensis,
800 2118 1297 2192 transsumptum
1358 2129 1466 2173 sex
1520 2112 1864 2175 litterarum
1932 2112 2007 2174 de
2062 2111 2250 2175 bonis
2308 2112 2702 2193 leprosorum
2759 2114 2950 2190 juxta·
2994 2113 3380 2190 Swinborgh.
3452 2145 3534 2159 -

212 2217 573 2298 Swinboryk,
620 2219 773 2280 feria
820 2219 999 2280 tertia
1041 2222 1190 2298 post
1232 2215 1607 2277 dominicam
1657 2213 1860 2277 Oculi.

814 2318 1093 2371 Kirkehlst.
1133 2317 1430 2382 Samllngor
1465 2316 1515 2370 3.
1554 2315 1744 2370 Raekke
1778 2317 1815 2368 1.
1852 2317 1956 2372 549
1984 2317 2109 2372 ”52

504 2439 723 2507 *2976.
814 2440 1124 2504 Cousucss
1173 2455 1479 2502 nivini-uu
1523 2438 1780 2518 Luam,
1830 2439 2285 2502 Sraannssuuns
2331 2445 2394 2500 et
2438 2439 2834 2503 Gnirnswom·
2891 2439 2968 2501 ad
3025 2439 3323 2502 consules
3382 2441 3532 2502 civi-

216 2549 392 2604 tatum
426 2543 687 2607 Pruscie
734 2543 1039 2622 scribunt,
1088 2541 1249 2604 ultra
1294 2541 1601 2603 ducentos
1648 2543 1813 2604 viros
1853 2559 2050 2623 prope
2086 2542 2381 2605 Feoniam
2427 2548 2846 2620 congregatos
2893 2561 3059 2622 esse,
3108 2549 3326 2605 contra
3373 2561 3534 2621 quos

214 2648 427 2724 piratas
476 2645 553 2710 de
600 2644 891 2708 remediis
939 2647 1001 2706 in
1047 2645 1292 2727 placitis
1340 2643 1591 2706 Lubeke
1637 2646 1701 2706 in
1746 2645 1911 2706 festo
1957 2644 2122 2706 beati
2168 2645 2472 2707 Iohannis
2517 2645 2786 2726 baptiste
2834 2645 3240 2708 observandis
3287 2647 3537 2708 tractari

218 2755 506 2827 oporteat.
551 2783 633 2796 —
678 2747 1135 2828 Stralessundis,
1182 2748 1441 2810 sabbato
1488 2755 1630 2810 ante
1677 2747 1919 2826 Judica,
1968 2750 2103 2809 sine
2151 2765 2340 2810 anno.

818 2853 1201 2904 Hanscrecesse
1235 2850 1295 2901 11.
1332 2849 1450 2904 158.

504 2972 721 3039 *29⁹st
812 2967 1055 3034 Relatio
1114 2971 1520 3053 Wawamni,
1580 2972 1864 3051 episcopi
1922 2970 2348 3050 Ottoniensis,
2419 2967 2496 3033 de
2553 2972 2904 3034 visitatione
2965 2990 3082 3035 sua
3139 2974 3200 3034 in
3259 2972 3533 3037 claustro

216 3075 554 3139 Wazstene.
601 3111 683 3122 —
728 3075 789 3140 2.
838 3077 992 3138 feria
1036 3075 1314 3137 Paschae.

811 3177 1105 3243 Scriptores
1142 3191 1243 3230 rer.
1281 3177 1619 3229 Sveclcarum
1654 3175 1740 3238 111,
1776 3177 1829 3231 2.
1866 3177 1917 3228 S.
1947 3176 2204 3231 220—30.

505 3299 722 3366 ⁶297&
814 3298 1123 3363 consuas
1182 3299 1543 3362 Lusrcnusns
1614 3298 1962 3361 civitatibus
2018 3298 2278 3361 Pruscie
2347 3299 2662 3378 nuntiant,
2733 3299 2850 3360 sibi
2921 3299 3306 3379 innotuisse,
3372 3301 3534 3363 ultra

3603 1173 3686 1227 24.
3725 1174 3870 1228 Febr.

3603 1911 3653 1967 3;
3691 1913 3876 1972 flattu.

3610 2447 3692 2502 14.
3732 2451 3913 2502 Martii.
3958 2453 3960 2456 ’

3603 2981 3686 3036 30.
3725 2983 3909 3036 martit.

3601 3305 3650 3358 8.
3689 3309 3897 3372 Aprllls.

218 3402 791 3482 quadringentorum
830 3403 1103 3465 virorum
1149 3419 1478 3465 numerum
1525 3403 1587 3463 in
1635 3401 1895 3466 diversis
1934 3402 2112 3478 regni
2148 3402 2338 3464 Dacie
2387 3400 2615 3464 finibus
2662 3401 2948 3464 videlicet
2980 3402 3214 3482 Juczia,
3265 3403 3535 3465 schania
3651 3451 3656 3456 .

217 3511 269 3566 et
308 3507 533 3568 Peonia
576 3506 1056 3586 praeparantium
1114 3521 1183 3568 sc
1229 3504 1308 3566 ad
1353 3511 1735 3569 mercatores
1791 3507 1856 3567 in
1902 3506 2060 3566 mari
2105 3504 2586 3584 deproedandum
2633 3504 2819 3566 uniri.
2866 3538 2949 3550 -
2995 3503 3214 3584 Lubic,
3268 3506 3333 3570 4.
3380 3507 3535 3570 feria

217 3614 343 3686 post
384 3609 763 3671 dominicam
809 3607 1415 3687 Quasimodogeniti‚
1468 3609 1603 3671 sine
1648 3625 1837 3671 anno.

812 3711 1198 3762 Hauserecesse
1258 3708 1342 3761 ul.
1395 3710 1481 3765 81.
1569 3711 1781 3763 Brudst,
1838 3713 1857 3762 ι
1918 3710 2096 3775 Votgt,
2163 3709 2476 3762 Geschlchte
2533 3711 2818 3762 Proussens
2874 3709 2930 3761 V.
2982 3709 3085 3764 381
3142 3710 3259 3775 (her
3322 3711 3534 3765 nentur-t

808 3797 871 3848 til
906 3809 951 3848 c.
987 3793 1162 3861 1382).

499 3917 719 3985 ’2979
812 3918 1049 3982 Oratus
1106 3917 1421 3981 Bronnsou
1478 3918 1692 3997 miles,
1764 3919 2127 3996 capitaneus
2189 3919 2378 3980 castri
2436 3920 2687 3996 Gorwe,
2740 3916 3124 4014 ‘consulibus
3187 3921 3250 3980 in
3307 3918 3532 3996 Elbing

217 4023 469 4101 nuntiat,
528 4038 595 4092 se
646 4021 931 4090 inducias
988 4021 1150 4082 inter
1207 4037 1317 4082 eos
1365 4026 1427 4083 et
1470 4022 1694 4084 fratres
1742 4021 1929 4083 Claus
1978 4028 2039 4082 et
2082 4021 2388 4083 'rhomam
2431 4038 2552 4083 von
2599 4019 2802 4082 Haffln
2850 4023 3116 4099 fecisse,
3177 4029 3238 4084 et
3282 4039 3529 4084 recom-

216 4123 446 4186 mendat
489 4142 639 4204 cum⁸
679 4125 755 4186 iis
812 4122 1077 4188 finaliter
1131 4125 1194 4184 in
1241 4123 1526 4205 Nyborg‚
1583 4130 1867 4205 tempore
1911 4123 2280 4205 parlamenti
2326 4126 2535 4205 regni,
2590 4131 2879 4186 tractare.
2928 4159 3011 4170 —
3059 4125 3235 4188 Feria
3276 4125 3338 4189 6.
3385 4131 3534 4207 post

218 4223 360 4288 diem
403 4227 467 4288 h.
514 4226 829 4290 Ambrosii
873 4227 1067 4307 conf„
1116 4228 1251 4289 sine
1297 4243 1486 4290 anno.

808 4329 1194 4381 Hansorecesse
1227 4329 1310 4380 111.
1346 4329 1430 4384 82.

3612 3923 3692 3977 10.
3730 3926 3938 3990 Aprtlls.

500 4433 719 4499 *298st
810 4433 968 4496 Pave
1016 4435 1261 4497 Gnncon
1302 4433 1437 4495 Xl's
1482 4433 1764 4514 Besaling
1811 4435 1879 4495 til
1925 4434 2356 4514 Biskopperne
2402 4435 2422 4495 i
2469 4434 2712 4513 Camin,
2757 4433 3012 4496 Lubcck
3057 4451 3138 4511 og
3186 4435 3377 4496 Vexie
3425 4387 3528 4498 om
3598 4438 3972 4508 10.Aprilu(?›.

218 4539 269 4592 at
319 4536 667 4616 undersege
726 4536 802 4599 de
861 4538 953 4597 fra
1006 4537 1221 4599 Lunde
1281 4537 1421 4598 Stirt
1474 4536 1812 4599 indkomne
1870 4536 2095 4615 Klager
2153 4554 2299 4599 over
2364 4543 2632 4599 anrettet
2684 4536 2844 4598 Vold
2901 4537 3068 4600 imod
3126 4536 3392 4606 Proester
3445 4555 3527 4617 og

220 4633 413 4701 Kirker
457 4657 537 4718 og
580 4640 861 4717 belaegge
906 4640 982 4702 de
1031 4639 1318 4718 Skyldige
1364 4639 1507 4702 med
1554 4639 1747 4702 Band.
1796 4673 1879 4686 ——
1922 4639 2122 4718 Rome,
2174 4641 2271 4702 lv.
2299 4644 2364 4717 (ἲ)
2411 4641 2552 4704 idus
2598 4640 2846 4721 Aprilis,
3282 4642 3524 4717 (Latin.)

806 4741 925 4796 Udt.
960 4744 981 4794 l
1016 4742 1212 4795 svensk
1247 4741 1427 4794 oven.
1464 4744 1483 4793 l
1518 4743 1755 4794 Svenska
1789 4741 2219 4795 mks-Archivets
2256 4744 2713 4808 Pergamentsbret
2745 4743 2781 4795 Ι.
2816 4741 2935 4798 891.

499 4845 719 4912 ’2981.
808 4845 1152 4910 Nicflonsus
1209 4863 1415 4910 morus
1460 4847 1591 4911 Koa
1650 4847 1978 4924 sacerdos,
2037 4855 2245 4910 rector
2301 4848 2584 4911 ecclesiae
2641 4847 2703 4908 b.
2751 4847 3036 4909 Nicholai
3091 4849 3153 4909 in
3203 4847 3516 4926 Warwith,
3596 4849 3679 4904 15.
3716 4852 3926 4916 Aptius.

218 4944 441 5013 Tuouss
486 4949 647 5013 ivam
709 4951 977 5027 armiger
1033 4966 1175 5012 cum
1231 4950 1531 5012 tredecim
1589 4950 1725 5013 aliis
1784 4955 2003 5013 notum
2060 4952 2326 5030 faciunt,
2391 4950 2558 5028 quod
2613 4953 2676 5012 in
2732 4950 2962 5031 placito
3009 4950 3524 5028 Warwithsyssael

222 5048 473 5116 Kanums
530 5052 819 5116 Nicholai
884 5053 961 5115 de
1016 5053 1226 5132 Thorp
1297 5069 1516 5115 omnes
1574 5052 1797 5115 domos
1854 5053 1919 5113 in
1976 5054 2150 5115 curia
2203 5053 2632 5133 Thorpsgarth
2704 5055 2767 5114 in
2834 5053 3133 5132 parochia
3187 5052 3528 5129 Bramingh

220 5152 321 5215 sita
380 5173 521 5219 cum
585 5156 774 5218 bonis
831 5155 1259 5235 adjacentibus
1316 5163 1379 5219 et
1434 5162 1631 5218 terras
1690 5156 1991 5235 quasdam
2046 5159 2111 5218 in
2181 5173 2403 5236 campo
2463 5156 2834 5236 Bramingh,
2905 5156 3026 5218 sibi
3092 5173 3130 5218 a
3184 5156 3523 5236 Laughone
