4275 5759
1234 352 1451 427 Kone
1504 352 1904 427 Vannius
1960 355 2358 428 Amantio.
3313 358 3460 432 267

1680 632 1931 769 1344.
3589 627 3774 693 1344.

450 816 667 883 *1886.
754 816 1160 889 Masousnnus
1175 815 1499 880 Ronsmso
1526 816 1708 878 miles
1732 820 2156 899 recognoscit,
2183 836 2251 881 se
2276 821 2600 898 primarias
2624 818 2790 881 mille
2815 832 3055 879 marcas
3069 817 3462 879 denariorum
3536 816 3582 868 7.
3619 816 3831 868 lanuar-

184 920 249 983 de
288 921 467 983 trihus
502 919 777 983 millibus
823 919 1051 981 marcis
1096 934 1211 999 pro
1255 919 1683 999 redemptione
1730 922 1919 983 castri
1954 920 2350 985 Swauestede
2389 922 2703 985 solvendis
2749 920 2824 983 ab
2865 920 3116 981 Hinrico
3164 921 3463 999 episcopo

184 1024 536 1085 sleswicensi
578 1022 926 1101 accepisse.
974 1056 1054 1065 —
1100 1020 1317 1081 Coram
1359 1020 1695 1081 consulibus
1738 1021 2241 1102 (mercensibus),
2288 1025 2350 1085 iu
2399 1026 2672 1086 crastino
2723 1023 3110 1103 ephyphanie
3155 1021 3425 1083 Domini.

754 1122 1095 1176 urkundenb.
1133 1120 1182 1173 d.
1221 1122 1369 1175 Stadt
1402 1122 1617 1174 theck
1648 1122 1707 1173 ΙΙ.
1746 1122 1860 1177 738.

445 1236 685 1327 *1887ss
754 1259 935 1339 Kong
982 1260 1231 1323 Missus
1287 1260 1354 1321 af
1402 1260 1643 1338 Norge,
1703 1260 1951 1339 Sverige
2009 1279 2089 1340 og
2153 1262 2427 1325 Skaanes
2483 1262 2824 1325 Retterbod
2882 1278 2982 1323 om
3042 1259 3464 1323 udenlandske
3535 1261 3616 1315 13.
3650 1262 3866 1317 ianuar.

180 1363 631 1426 Haandvaerkere
676 1380 757 1441 og
803 1362 1166 1443 Rjohmaend
1213 1364 1234 1422 i
1276 1362 1542 1439 Bergen.
1589 1396 1673 1408 —
1725 1362 2023 1445 Varberqi,
2072 1364 2412 1427 thiuannde
2471 1365 2590 1443 dag
2627 1364 2780 1447 julle
2827 1380 2901 1425 aa
2943 1363 3113 1425 flmta
3156 1379 3296 1424 aare
3344 1363 3466 1424 och

182 1466 493 1545 thuittugge
539 1467 750 1529 riickis
795 1482 993 1529 vaars.
3194 1464 3466 1541 (Norsk.)

756 1568 944 1634 Kayser
979 1580 1043 1632 og
1080 1566 1289 1625 munch.
1326 1567 1523 1631 norges
1558 1564 1731 1630 gnmle
1765 1566 1905 1619 Love
1940 1566 2021 1619 m.
2060 1566 2312 1623 163-64.

448 1702 671 1770 *1888.
760 1702 1055 1768 Busan-us
1097 1702 1307 1767 dictus
1356 1688 1591 1783 Swos'n
1637 1702 1946 1769 Ntcuoms
1984 1705 2152 1767 Dur.
2200 1714 2262 1767 et
2303 1705 2430 1769 duo
2477 1706 2579 1767 alii
2625 1704 2963 1786 declarant,
3011 1722 3080 1767 se
3127 1722 3198 1767 ex
3244 1704 3466 1766 litteris
3537 1706 3621 1761 25.
3658 1707 3870 1761 lanuar-

182 1806 519 1869 waldemari
562 1809 731 1885 regis
782 1808 1027 1869 Petrum
1070 1805 1481 1869 Waendelboo
1526 1807 1589 1867 in
1637 1807 2023 1887 corporalem
2076 1811 2552 1887 possessionem
2597 1808 2906 1871 bonorum
2963 1809 3028 1869 in
3072 1808 3464 1887 Karroethorp

179 1909 229 1967 in
268 1907 743 1989 Hymmoersyzael
801 1910 1093 1988 sitorum,
1155 1911 1211 1971 ei
1267 1904 1548 1986 legaliter
1604 1916 1986 1972 scotatorum
2042 1916 2105 1971 et
2149 1910 2674 1989 adjudicatorum,
2736 1910 3173 1972 introduxisse.
3221 1944 3304 1955 —
3349 1909 3464 1971 Die

179 2013 573 2075 conversionis
618 2031 671 2075 s.
718 2014 911 2076 Pauli.

754 2116 813 2169 Η.
846 2117 1063 2175 Hauon,
1098 2114 1209 2165 Den
1246 2113 1445 2165 danske
1480 2114 1747 2167 Pantercts
1781 2114 1911 2167 fllst.
1950 2116 2003 2167 S.
2030 2114 2286 2170 463-64.

446 2250 667 2317 *1889.
757 2252 1253 2326 Cunsnmvltus)
1268 2250 1713 2331 papaMattheo
1730 2248 1894 2315 Petri
1910 2255 2344 2315 canonicatum
2360 2250 3460 2332 Roskildensem‚perpromotionem
3532 2255 3580 2307 6.
3619 2254 3764 2305 Febr-

178 2352 312 2414 Petri
342 2353 418 2416 ad
450 2354 995 2435 archiepiscopum
1022 2355 1416 2417 Lundensem
1454 2352 1616 2433 apud
1654 2354 1865 2417 sedem
1895 2356 2302 2435 apostolicam
2330 2361 2670 2435 vacantem,
2708 2354 3204 2417 consideratione
3229 2354 3460 2433 Magni,

178 2459 317 2533 regis
358 2458 591 2520 Swetioe
636 2464 699 2520 et
742 2440 1113 2536 Norwegiae‚
1172 2457 1445 2533 confert,
1506 2472 1875 2534 quamquam
1933 2457 2356 2537 parochialem
2400 2458 2730 2521 ecclesiam
2775 2456 3066 2535 Bruudby
3112 2456 3462 2518 Lundensis

178 2559 417 2621 diocesis
450 2567 514 2622 et
546 2567 909 2640 perpetuam
942 2560 1229 2622 vicariam
1262 2560 1326 2619 in
1363 2559 1633 2621 ecclesia
1653 2558 1970 2622 Lundensi
2009 2560 2305 2624 obtineat.
2331 2594 2414 2605 —
2441 2561 2749 2640 avinione,
2789 2559 2944 2621 Vlll.
2971 2559 3110 2623 idus
3147 2558 3460 2639 Februar.,

178 2662 539 2739 pontificatus
586 2664 785 2726 nostri
829 2679 993 2724 anno
1042 2662 1342 2724 secundo.

755 2766 829 2829 Ny
860 2764 1129 2817 kirkehist.
1167 2763 1461 2828 Samlingsr
1494 2763 1578 2815 lv.
1610 2762 1866 2817 561-62.

448 2900 669 2967 *189st
760 2902 1032 2964 cisum
1100 2900 1309 2976 (Vltus)
1375 2916 1537 2981 papa
1613 2901 2092 2980 archiepiscopo
2159 2900 2475 2963 Lundensi
2544 2908 2605 2964 et
2669 2902 2906 2964 decano
2974 2907 3035 2963 et
3097 2900 3459 2963 Benechino
3527 2903 3578 2957 6.
3617 2903 3762 2955 Febr.

178 3003 736 3067 flenrici'canonico
772 3004 1055 3067 ecclesia!
1091 3002 1442 3066 Lundensis
1482 3003 1752 3081 mandat,
1792 3010 1859 3065 ut
1890 3004 2234 3067 Mattheum
2269 3004 2432 3065 Petri
2465 3008 2526 3067 in
2563 3006 3035 3085 possessionem
3071 3003 3456 3082 corporalem

176 3108 551 3171 canonicatus
596 3106 1033 3171 Roskildensis
1076 3108 1355 3169 vacantis
1396 3104 1714 3170 inducant.
1763 3140 1844 3155 --
1886 3106 2214 3186 Avinione,
2275 3106 2430 3169 Vlll.
2486 3107 2628 3169 idus
2673 3106 2964 3169 Februar.
2983 3154 2998 3185 ,
3059 3104 3457 3184 pontificatus

176 3210 351 3270 nostri
391 3226 551 3272 anno
598 3208 901 3273 secundo.

755 3312 829 3376 Ny
862 3311 1131 3363 kirkchlst.
1166 3310 1462 3375 Samllnger
1495 3309 1575 3361 Π.
1612 3309 1729 3365 563.

446 3446 664 3513 *1891.
754 3447 1159 3520 Mssomsnus
1232 3448 1555 3511 Ronmun
1632 3448 1812 3510 miles
1894 3450 2326 3527 recognoscit,
2409 3449 2718 3511 secundas
2798 3448 2964 3509 mille
3042 3464 3282 3509 marcas
3342 3465 3455 3527 pro
3528 3449 3609 3502 10.
3646 3448 3792 3501 Febr.

174 3550 569 3631 redemptione
609 3552 797 3613 castri
833 3550 1222 3613 Swauestede
1258 3549 1587 3613 solvendas
1624 3549 1919 3614 Woldero
1954 3550 2145 3614 Bocle
2179 3569 2296 3614 suo
2335 3553 2590 3614 nomine
2627 3552 2702 3613 ab
2739 3550 3038 3631 episcopo
3065 3550 3457 3613 sleswicensi
3525 3584 3538 3597 ·

174 3670 298 3716 esse
337 3654 705 3733 persolutas.
752 3684 833 3699 «-
878 3652 1093 3715 Coram
1136 3652 1471 3715 connatam
1517 3653 2017 3732 (Lubioensibm),
2066 3654 2408 3717 scolastice
2455 3656 2731 3730 virginis.

754 3754 1092 3809 urkundenb.
1130 3755 1178 3806 d.
1216 3756 1367 3807 stadt
1400 3755 1614 3809 Lutbcck
1646 3755 1707 3807 ll.
1744 3755 1859 3810 739.

445 3874 665 3941 *1892
755 3875 1214 3951 Wuwsmans)
1281 3875 1598 3938 Danorum
1668 3876 2158 3952 Sclauorumque
2225 3892 2330 3937 rex
2397 3876 2700 3955 declarat,
2781 3875 3026 3937 Petrum
3093 3874 3458 3937 Waendelbo
3527 3876 3609 3930 21.
3649 3876 3798 3930 Febr.

176 3977 401 4039 militem
444 3980 507 4040 in
557 3978 785 4059 placito
832 3994 949 4041 suo
997 3980 1334 4057 justitiario
1381 3979 1649 4040 Johanni
1694 3976 1853 4039 Kaas
1914 3976 2035 4041 188
2091 3994 2334 4039 marcas
2391 3977 2781 4040 denariorum
2841 3995 3244 4057 cupreorum,
3303 3994 3458 4056 quas

176 4078 423 4143 Andreas
474 4082 845 4160 Augysson,
904 4082 1005 4145 cui
1062 4079 1265 4143 dictus
1323 4080 1541 4145 Petrus
1600 4080 1761 4143 hanc
1820 4096 2126 4143 summam
2189 4080 2430 4159 debuit,
2499 4080 2665 4142 dicto
2721 4080 2991 4142 lohanni
3049 4079 3456 4143 sublevandas

176 4180 493 4263 dimiserat,
554 4189 617 4247 et
673 4182 755 4247 12
797 4198 1039 4245 marcas
1097 4185 1233 4261 puri
1290 4185 1563 4263 argenti,
1623 4200 1735 4262 pro
1797 4182 2023 4261 quihus
2075 4182 2243 4244 bona
2297 4186 2361 4243 in
2408 4182 2714 4263 Karthorp
2774 4186 2892 4245 sita
2947 4184 3146 4245 eidem
3189 4181 3458 4244 lohanni

176 4285 557 4365 impignorata
600 4292 795 4365 erant,
842 4284 1220 4347 exhibuisse.
1276 4322 1344 4329 -—
1393 4284 1660 4348 Sabbato
1706 4302 1879 4365 prox.
1927 4291 2072 4364 post
2116 4284 2280 4347 diem
2327 4285 2640 4349 cinerum.

756 4389 814 4439 ll.
842 4386 1057 4445 Hauon,
1095 4386 1201 4438 Den
1244 4386 1441 4439 danske
1477 4388 1743 4438 Panterets
1780 4388 1908 4438 illst.
1949 4388 1999 4437 S.
2028 4385 2147 4441 464.

450 4506 667 4572 *1893.
755 4508 1204 4569 Testimonium
1252 4524 1483 4571 mem
1523 4524 1837 4569 sturmus
1878 4506 2300 4569 Wtssncsssts
2347 4507 2422 4569 de
2469 4507 2843 4570 exhibitione
2877 4506 3040 4569 Petri
3074 4506 3458 4585 Waendelbo,
3529 4507 3612 4561 21.
3651 4507 3800 4563 Febr.

178 4610 461 4685 quondam
516 4613 680 4687 regis
740 4609 1056 4671 Danorum
1114 4609 1403 4689 dapiferi,
1471 4608 1804 4671 earundem
1863 4612 2301 4689 pecuniarum,
2371 4610 2446 4672 de
2514 4610 2740 4687 quibus
2806 4609 3021 4671 litteras
3085 4608 3463 4671 Waldemari

176 4714 325 4788 regis
368 4712 579 4775 eadem
626 4712 725 4775 die
772 4712 925 4775 datae
973 4712 1105 4787 (cfr.
1153 4729 1246 4773 nr.
1284 4712 1500 4787 *1892)
1545 4720 1757 4788 agunt.
1806 4747 1887 4757 --
1934 4712 2200 4775 sabbato
2246 4730 2418 4793 prox.
2467 4720 2612 4793 post
2655 4712 2816 4774 diem
2863 4712 3177 4775 cinerum.

758 4814 817 4865 n.
850 4815 1062 4875 blatteo,
1101 4813 1207 4865 Den
1247 4813 1444 4866 danske
1479 4816 1746 4866 Panterets
1782 4815 1912 4866 Hist.
1952 4816 2002 4865 S.
2034 4813 2288 4869 464—65.

455 4933 669 4999 *1894
760 4934 1045 4997 Tuao‘rro
1070 4934 1346 5014 Ριετειιε,
1382 4936 1744 5015 capitaneus
1782 4936 1971 4997 castri
1995 4935 2517 5013 Falkenbaerghis,
2554 4936 2870 5013 Tykonem
2907 4935 3134 4996 dictum
3161 4932 3458 5009 Ysbaergh
3529 4934 3614 4987 29.
3653 4935 3799 4988 Febr.

178 5050 275 5112 pro
318 5040 795 5117 computatione,
843 5036 1309 5114 Wordhoerghis
1354 5054 1429 5100 ex
1475 5054 1590 5099 sua
1631 5044 1805 5117 parte
1851 5037 2078 5116 hahita,
2126 5039 2365 5116 quittat.
2415 5070 2496 5083 -
2542 5037 2868 5100 Dominica
2915 5036 3358 5098 Reminiscere.

760 5139 891 5204 sipi.
926 5140 1163 5198 svm..
1202 5139 1283 5191 ed.
1319 5140 1374 5191 n.
1403 5140 1459 5190 s.
1489 5137 1806 5191 nilaehrana
1839 5139 1899 5191 v.
1934 5138 2051 5193 243.
2202 5148 2212 5157 ·

2951 5255 3050 5310 34.
