4275 5759
489 528 674 595 1343.

466 1416 674 1483 1343?

414 1621 497 1675 30.
536 1622 718 1673 Mat-tn.

389 2339 469 2391 17.
510 2340 721 2393 Octobr.

409 2868 479 2932 C.
531 2868 723 2934 1343.

808 362 952 434 266
1906 358 2123 433 Kone
2181 359 2576 433 VALnnuAn
2627 361 3026 431 Amnum.

800 632 1273 713 Hymmersysael
1330 636 1589 697 sitorum
1653 637 1833 713 eique
1891 652 2004 712 per
2062 634 2366 697 Andream
2426 634 2776 695 Paetersson
2835 638 3218 695 sectatorum
3287 638 3351 693 et
3403 636 3626 709 postea
3677 646 3792 709 per
3838 634 4140 707 quattuor

796 734 1031 797 litteras
1079 752 1225 797 suas
1270 736 1783 814 adJudicatorum,
1838 738 2045 797 statim
2092 736 2508 798 introducant.
2559 768 2636 781 -—
2683 734 2986 813 Albai-91⁰³,
3035 736 3171 796 sine
3215 750 3403 795 anno.

1407 838 1465 888 Η.
1496 839 1710 897 Matzen,
1748 838 1857 889 Bon
1896 838 2093 889 danske
2130 838 2398 889 Panterets
2435 838 2565 889 Uist.
2605 838 2658 889 S.
2691 836 2810 891 463.

1101 973 1315 1038 *1879.
1406 974 1759 1038 flammans
1826 992 2027 1036 »nunc
2086 978 2360 1037 existens
2419 977 2484 1036 in
2527 974 2740 1053 Ripis,
2801 973 2965 1034 fliius
3011 972 3314 1034 Johannis
3371 971 3446 1033 de
3491 970 3913 1050 Nygenboreh
3971 970 4132 1031 civis

792 1076 1217 1155 Bremensis«,
1264 1079 1433 1153 giver
1478 1080 1558 1139 sit
1604 1078 1927 1155 Samtykke
1974 1078 2039 1136 tii
2088 1085 2150 1137 et
2193 1078 2258 1137 af
2297 1078 2455 1137 hans
2501 1076 2696 1137 Fader
2739 1077 3042 1151 foretaget
3087 1074 3418 1151 Godssalg.
3469 1108 3546 1119 —-
3591 1074 3787 1152 Repu.
3881 1074 4133 1148 (Latin.)

1406 1179 1611 1229 Brudst.
1650 1192 1713 1241 og
1752 1178 1867 1229 Udt.
1905 1180 1922 1228 i
1964 1178 2290 1230 Bremisches
2325 1178 2662 1230 urkundenb.
2701 1176 2760 1228 n.
2797 1176 3051 1230 474—75.
3343 1182 3350 1187 '

2327 1422 2602 1505 1343?

1095 1622 1313 1687 *1880.
1401 1624 1822 1685 WALmtnAsus
1864 1624 2182 1685 Danorum
2222 1623 2664 1701 Slavorumque
2703 1640 2809 1683 rex
2855 1620 3166 1701 testificat,
3215 1620 3503 1683 dominos
3538 1618 3790 1681 Petrum
3827 1620 4128 1681 Jaensson

790 1725 865 1786 de
914 1726 1105 1787 Cowit
1163 1731 1224 1786 et
1268 1728 1567 1787 Ascerum
1615 1728 1864 1804 Apysen
1914 1725 1987 1786 de
2034 1727 2254 1810 Wittin
2299 1726 2604 1803 Johanni,
2667 1724 3106 1786 archidiacono
3152 1724 3507 1803 Arusiensi,
3563 1723 3820 1784 nomine
3867 1724 4128 1802 capituli

790 1827 1017 1889 ibidem
1043 1828 1252 1889 omnia
1283 1826 1449 1889 bona
1486 1826 1602 1888 sibi
1636 1833 1782 1907 post
1818 1833 2080 1890 mortem
2104 1827 2366 1889 Broderi
2400 1827 2646 1889 diaconi
2670 1829 2811 1905 Jure
2851 1824 3224 1888 hereditario
3251 1826 3678 1901 contingentia
3699 1830 4012 1887 scotasse.
4043 1860 4126 1869 —

790 1930 863 1990 In
903 1930 1126 2007 placito
1169 1938 1363 1991 nostro
1390 1932 1729 2005 Justiliario
1776 1932 2099 2009 Amiensi,
2148 1948 2313 2005 anno
2365 1928 2528 1994 1333
2574 1932 2636 1990 in
2682 1929 2996 1991 dominica
3037 1928 3380 1990 Passionis,

1400 2032 1701 2096 Langebek,
1746 2032 1991 2097 scriptor.
2030 2046 2131 2083 rer.
2171 2032 2407 2082 Denicar.
2447 2030 2525 2081 vl.
2563 2030 2678 2084 477.
2765 2034 2942 2091 Aaret,
2989 2043 3106 2081 som
3141 2030 3394 2094 feruvrigt
3429 2042 3587 2094 ogsaa
3621 2028 3798 2081 Codex
3831 2029 3956 2087 har.
4003 2044 4130 2081 maa

1402 2118 1723 2181 selvielgelig
1754 2132 1891 2169 vaero
1920 2120 2162 2182 urigtigt;
2201 2118 2300 2167 den
2329 2118 2424 2167 her
2453 2130 2568 2167 som
2597 2117 2754 2167 erdod
2779 2122 2988 2168 naevnte
3015 2116 3210 2167 Broder
3235 2116 3416 2167 levede
3441 2115 3620 2167 endnu
3647 2114 3786 2169 1385
3809 2114 3922 2180 (Nr.
3939 2116 4127 2181 2131).

1404 2217 1469 2267 og
1504 2204 1865 2273 AErkedegnen
1900 2204 2169 2255 lohannes
2207 2202 2342 2253 dede
2377 2202 2527 2257 1350.
2603 2202 2992 2267 Formodentug
3027 2217 3084 2255 er
3121 2202 3212 2253 der
3245 2202 3410 2265 glemt
3443 2206 3496 2253 et
3529 2202 3576 2253 X
3609 2202 3628 2253 1
3661 2201 3959 2255 Aarstnllet.

1097 2340 1312 2406 *1881.
1402 2341 1601 2403 Maeni
1648 2342 1814 2417 regis
1864 2342 2126 2417 Swecie,
2187 2340 2508 2416 Norwegie
2567 2344 2630 2401 et
2673 2342 2896 2401 Skanie
2941 2340 3158 2401 litterae
3209 2336 3284 2400 ad
3344 2339 3641 2402 consules
3687 2339 4126 2418 Lubycenses,

793 2442 1017 2521 quibus
1075 2442 1150 2502 ab
1209 2445 1286 2504 iis
1342 2445 1527 2522 petit,
1585 2450 1655 2504 ut
1708 2442 2103 2506 Hennichino
2161 2444 2428 2521 Zwarin,
2496 2442 2698 2519 legato
2759 2459 2909 2520 suo,
2965 2441 3150 2503 fldem
3209 2442 3566 2503 creditivam
3621 2442 3978 2503 adhibeant.
4043 2477 4126 2487 —

792 2544 1103 2625 Ludhosie,
1150 2547 1303 2607 feria
1347 2552 1519 2607 sexta
1563 2552 1709 2625 post
1754 2544 1975 2607 Kalixti
2019 2562 2201 2626 pape,
2251 2546 2384 2606 sine
2430 2562 2618 2606 anno.

1398 2646 1733 2699 Urkundenb.
1773 2646 1820 2697 d.
1860 2646 2010 2699 stadt
2043 2648 2259 2699 Lfiheck
2295 2646 2356 2697 11.
2394 2646 2509 2701 726.

2249 2874 2335 2957 O.
2409 2874 2660 2957 1343.

1098 3074 1319 3141 *1882
1410 3072 1681 3139 Casurus
1726 3076 2109 3153 Fotnssou,
2165 3075 2379 3153 mileS,
2439 3077 2870 3153 recognoscit,
2929 3092 3000 3137 se
3053 3090 3092 3136 a
3133 3075 3397 3153 Magno,
3467 3074 3704 3138 sueciae
3763 3080 3885 3137 etc.
3943 3094 4124 3153 rege,

789 3180 1175 3256 Blekingiam
1242 3185 1304 3241 et
1366 3178 1655 3240 Listriam
1718 3195 1755 3239 a
1820 3179 2135 3241 dominica
2199 3178 2479 3256 proxima
2550 3178 2766 3241 mediae
2847 3176 3334 3256 quadragesimae
3401 3178 3465 3237 in
3533 3182 3663 3239 tres
3727 3194 3936 3239 annos
4003 3196 4124 3259 pro

788 3281 916 3345 500
958 3282 1186 3343 marcis
1234 3281 1627 3343 denariorum
1674 3282 2085 3343 Scanensium
2131 3281 2448 3343 annuatim
2497 3280 2812 3342 solvendis
2857 3282 3198 3359 recepisse.
3247 3312 3326 3325 —-
3375 3279 3520 3341 Sine
3565 3295 3730 3343 anno
3773 3287 3842 3343 et
3885 3280 4012 3345 die.

1399 3382 1531 3447 Dipl.
1569 3383 1805 3442 Svecan„
1842 3382 1921 3434 ed.
1960 3383 2013 3433 B.
2041 3382 2099 3433 E.
2126 3380 2454 3433 fflldehrand
2488 3380 2543 3431 V.
2579 3382 2834 3437 232—33.

1092 3519 1309 3585 *1883.
1402 3520 1670 3583 Casurus
1717 3520 2130 3598 (Fotxsssou),
2187 3519 2392 3597 miles,
2441 3536 2510 3581 se
2548 3519 2866 3600 Magnum,
2915 3518 3152 3581 Sueciae
3199 3526 3317 3581 etc.
3365 3534 3601 3597 regem,
3649 3534 3766 3597 pro
3813 3520 4126 3583 Silinsera

789 3628 874 3699 (oz
925 3622 1241 3693 Siluisora)
1290 3628 1351 3684 et
1395 3627 1603 3684 castro
1639 3622 1983 3699 Silinsborg
2030 3626 2119 3698 (ot
2171 3622 2536 3698 Siluisborg)
2585 3638 2775 3701 super
2817 3622 2948 3687 200
2989 3622 3218 3683 marcis
3265 3621 3659 3698 denariorum
3698 3620 4122 3687 Scanensium

789 3726 1187 3803 quittaturum
1234 3726 1556 3805 promittit.
1603 3760 1687 3771 -—
1732 3726 1877 3786 Sine
1923 3741 2089 3787 anno
2138 3730 2201 3786 et
2246 3724 2365 3786 die.

1402 3827 1531 3892 Dipl.
1570 3828 1805 3886 Svecan„
1844 3826 1921 3879 ed.
1962 3826 2015 3877 B.
2043 3827 2101 3877 E.
2132 3826 2451 3878 Hssdebrand
2485 3824 2542 3877 V.
2577 3824 2696 3881 233.

1093 3964 1311 4029 *1884
1401 3967 1700 4028 JouAnuss
1748 3964 2151 4044 Hismesscn,
2199 3964 2398 4044 miles,
2446 3965 2748 4026 Jonannns
2794 3962 3016 4043 Κιειικ,
3063 3963 3295 4026 Psrnus
3337 3964 3542 4042 Duwtt,
3585 3962 3798 4027 Bonno
3843 3964 4122 4031 Jonsson

790 4076 851 4129 et
885 4068 1246 4130 mensurnus
1282 4066 1631 4130 MArrnssos
1672 4072 2160 4145 recognoscunt,
2211 4084 2278 4128 se
2319 4066 2564 4147 Magno,
2614 4066 2850 4129 Sueciae
2888 4072 3006 4129 etc.
3045 4066 3200 4145 regi,
3249 4067 3310 4127 in
3345 4066 3574 4146 placito
3602 4067 3944 4143 justitiario
3982 4072 4122 4147 ejus

790 4172 999 4232 omnia
1051 4169 1217 4232 bona
1272 4172 1335 4232 in
1392 4170 1784 4249 Halastatha,
1845 4170 2270 4247 Myaetastatha
2325 4170 2388 4229 in
2446 4170 2813 4247 Skyotheret
2867 4172 3020 4251 sita,
3089 4186 3223 4249 quae
3283 4175 3430 4249 post
3485 4174 3745 4231 mortem
3803 4168 4122 4232 Iohannis

790 4273 970 4335 Duua
1004 4276 1146 4353 jure
1193 4273 1562 4335 hereditario
1608 4272 2046 4353 possidebant,
2099 4289 2215 4351 pro
2260 4270 2346 4335 40
2389 4274 2615 4335 marcis
2662 4274 2835 4352 puris
2880 4274 3121 4351 argenti
3167 4278 3229 4333 et
3275 4270 3399 4335 140
3441 4272 3670 4333 marcis
3713 4270 4122 4335 denariorum

790 4394 1091 4439 novorum
1140 4375 1549 4438 Scanensium
1595 4374 1926 4438 tradidisse
1973 4380 2035 4435 et
2081 4379 2385 4436 scotasse.
2435 4408 2514 4419 —
2563 4376 2707 4437 Sine
2753 4393 2918 4437 anno
2965 4381 3026 4437 et
3070 4374 3192 4436 die.

1402 4478 1534 4544 Dipl.
1572 4478 1808 4537 Svecan„
1846 4474 1925 4529 ed.
1963 4476 2017 4526 B.
2046 4476 2103 4527 E.
2135 4474 2453 4528 nudehrand
2487 4476 2543 4527 V.
2580 4476 2833 4531 233—34.

1096 4615 1315 4681 *1885.
1406 4618 1723 4680 Consumit
1758 4632 1959 4679 orrum
1998 4614 2414 4677 Srmussuso
2457 4614 2536 4674 ad
2569 4614 2935 4679 Edwardum
2979 4630 3192 4691 regem
3229 4614 3446 4691 Anglie
3485 4614 3726 4693 littero,
3771 4614 3838 4677 in
3885 4614 4128 4692 quibus

790 4720 1026 4798 dicunt,
1076 4736 1143 4781 se
1187 4736 1353 4781 anno
1400 4722 1709 4798 praeterito
1754 4734 2049 4796 magnum
2092 4716 2324 4779 bellum
2362 4734 2504 4779 cum
2543 4734 2689 4793 rege
2727 4718 2958 4781 Swecie
2997 4723 3058 4779 et
3089 4716 3424 4780 comitibus
3457 4716 3773 4779 Holtzacie
3805 4718 4126 4797 gessisse,

790 4824 953 4883 inter
1005 4823 1124 4883 alia
1183 4822 1349 4901 quod
1410 4824 1835 4885 Wasosmnuu
1890 4838 2101 4897 regem
2159 4820 2477 4882 Danorum
2533 4820 2614 4881 de
2669 4836 2866 4897 regno
2923 4819 3242 4882 traditiose
3295 4820 3714 4899 expulissent,
3782 4836 3968 4897 quem
4037 4822 4128 4882 ad

790 4925 1277 5003 recuperandam
1334 4924 1641 5002 quandam
1698 4930 1933 5004 partem
1992 4924 2169 4999 regni
2235 4929 2296 4985 et
2349 4922 2428 4983 ad
2486 4922 2926 5003 deprimendos
2983 4924 3214 5002 piratas
3263 4920 3561 4985 Holsstos
3616 4920 3985 5001 adjuverint.
4038 4958 4124 4969 —

792 5028 938 5089 Sine
983 5043 1149 5090 anno
1197 5032 1259 5089 et
1306 5026 1425 5089 die.

1403 5130 1737 5183 Urkundenh.
1769 5130 1819 5181 d.
1848 5128 1999 5181 stadt
2022 5127 2237 5179 thock
2269 5126 2350 5177 lv.
2385 5126 2606 5183 35—37.
2678 5127 2884 5179 Brudst.
2913 5130 2934 5177 ί
2961 5126 3472 5192 uenenhurgtsehes
3501 5125 3841 5179 Urknndenb.
3878 5127 3962 5179 11.
3991 5126 4124 5185 488
