4275 5759
1276 358 1491 431 Kone
1544 357 1943 434 VALDEMAR
1998 360 2398 433 Amnum.
3353 364 3502 435 313

480 634 693 701 *2267.
786 636 986 699 Onus
1030 634 1340 714 Essssuu,
1390 634 1692 714 famulus,
1742 634 1963 711 saelger
2010 634 2146 697 sine
2193 634 2598 714 Ejendomme
2645 634 2666 693 i
2711 634 3136 714 Gyethetofte,
3197 650 3334 695 som
3381 634 3506 694 han
3576 532 3844 691 123132}

213 738 375 799 havde
428 739 595 817 kjeht
650 739 715 799 af
753 738 974 800 Petrus
1020 737 1397 816 Nichelson,
1454 737 1522 798 til
1580 738 1758 815 Kong
1816 736 2143 799 valdemar
2198 754 2279 815 og
2329 738 2671 801 Danmarks
2719 735 2912 815 Riges
2972 736 3197 799 [irone.
3263 772 3346 781 —
3391 737 3506 799 Die

212 858 252 900 s.
294 841 580 903 Valentini
624 846 805 903 mart.
3265 839 3507 917 (Latin.)

786 942 904 995 Udt.
938 956 1041 1007 paa
1075 942 1251 995 Dansk
1284 944 1303 993 i
1339 940 1587 1001 sardam,
1623 940 1993 1005 Klabenhavns
2029 942 2211 993 Kirker
2249 954 2312 1007 og
2349 941 2603 1001 moster-e,
2640 940 2756 991 Tlll.
2796 941 2847 993 S.
2881 940 2962 993 10.
3081 1007 3086 1013 ι

478 1062 694 1127 ’2268
786 1061 997 1125 luanus
1043 1062 1405 1143 Nicussos,
1463 1060 1678 1139 milet-3,
1739 1062 2102 1124 valdemaro
2158 1063 2290 1137 regi
2333 1061 2650 1139 Methelby
2694 1062 2756 1121 in
2805 1061 3194 1141 Arshaereth,
3257 1062 3505 1122 Hethne
3577 1066 3659 1119 22.
3700 1066 3846 1116 Febr.

209 1167 259 1224 et
306 1166 501 1226 omnia
556 1165 752 1243 bona,
814 1182 950 1242 quae
1012 1182 1153 1227 cum
1210 1182 1401 1227 uxore
1462 1181 1575 1225 sua
1618 1164 2011 1241 Margaretha
2065 1166 2129 1225 in
2178 1164 2527 1243 Syellandia
2585 1164 2884 1242 obtinuit,
2947 1180 3059 1242 pro
3117 1164 3246 1227 200
3279 1166 3508 1225 marcis

209 1269 325 1343 puri
364 1269 597 1344 argenti
642 1269 1038 1346 impignoret.
1089 1302 1168 1312 —
1218 1267 1329 1329 Die
1375 1268 1436 1329 b.
1483 1266 1649 1328 Petri
1693 1267 1755 1327 in
1804 1266 2118 1329 cathedra.

786 1370 1001 1429 Barner,
1039 1370 1182 1420 Fam.
1220 1370 1623 1421 Rosenkrantz's
1664 1370 1790 1420 lllst.
1826 1368 1867 1428 1,
1904 1368 2127 1433 Dlplorn.
2167 1369 2220 1421 S.
2247 1368 2298 1422 3.

478 1488 696 1554 *2269.
787 1487 1172 1553 lnuoczsrms
1218 1488 1429 1565 (Vltus)
1476 1506 1637 1569 papa
1680 1488 2115 1567 Woldemaro,
2175 1490 2308 1567 regi
2353 1488 2583 1568 Dacioe,
2635 1506 2749 1568 pro
2796 1490 3040 1551 auxiliis
3087 1496 3148 1553 et
3191 1490 3506 1552 favoribus
3577 1494 3660 1549 25.
3699 1494 3847 1546 Febr.

206 1590 445 1653 Iohanni
488 1592 814 1671 Gilaberti,
872 1592 1113 1655 decano
1164 1594 1446 1657 ecclesia}
1494 1592 1970 1670 Tarbentensis,
2028 1594 2248 1654 nuntio
2297 1590 2466 1653 sedis
2513 1593 2907 1672 apostolicae,
2958 1593 3234 1673 praebitis
3280 1594 3509 1671 gratias

208 1694 311 1767 agit
343 1700 403 1755 et
433 1696 488 1757 ei
528 1694 795 1757 eundem
834 1696 1123 1761 nuntium
1158 1703 1566 1759 revertentem
1604 1694 2019 1759 commendat.
2057 1728 2140 1739 —
2170 1694 2478 1773 avinione,
2517 1692 2617 1754 vl.
2654 1695 2772 1755 kal.
2799 1694 3024 1774 Martii,
3061 1710 3227 1757 anno
3265 1702 3508 1774 quarto.

788 1797 863 1861 Ny
898 1796 1169 1849 klrkehlst.
1208 1796 1502 1863 Samllnger
1537 1795 1617 1847 IV.
1652 1795 1909 1850 589—90.

482 1916 699 1981 *227st
790 1916 1092 1980 Jonnnss
1125 1916 1459 1996 Mannum,
1506 1916 1881 1997 praepositus
1918 1917 2202 1979 ecclesiae
2239 1934 2290 1979 s.
2331 1916 2554 1978 Crucis
2589 1916 2978 1997 Leodiensis,
3027 1920 3212 1980 curiae
3250 1934 3511 1980 camerae
3581 1922 3666 1978 22.
3703 1923 3890 1977 Martii.

209 2036 355 2098 papae
398 2020 703 2097 generalis
750 2019 1025 2098 auditor,
1084 2020 1385 2099 episcopo
1435 2028 1496 2081 et
1541 2019 1778 2081 decano
1825 2019 2284 2082 Luhicensihus
2330 2026 2514 2097 atque
2560 2019 2832 2080 Henrico
2880 2020 3146 2100 Biscop‚
3207 2023 3513 2083 canonico

208 2120 524 2203 Bremensi,
571 2123 921 2202 committit,
972 2128 1039 2183 ut
1080 2122 1400 2201 Magnum,
1460 2139 1670 2199 regem
1719 2122 1971 2203 Sveciae‚
2020 2122 2344 2199 Norvegiae
2393 2128 2454 2183 et
2499 2122 2760 2200 Scaniae,
2820 2130 2881 2184 et
2926 2124 3205 2200 reginam
3253 2128 3313 2185 et
3357 2124 3514 2183 alios

209 2222 493 2287 debitores
552 2225 838 2287 ecclesiae
898 2224 1195 2287 Romanae
1252 2230 1552 2287 moneant
1606 2224 1681 2287 de
1739 2243 1859 2287 aere
1918 2226 2120 2288 alieno
2191 2224 2491 2289 solvendo
2549 2242 2810 2287 cameroe
2867 2227 3263 2305 apostolicae,
3334 2232 3396 2287 et
3449 2232 3518 2287 ut

210 2326 443 2391 heredes
500 2328 937 2390 defunctorum
996 2344 1374 2407 sponsorum
1435 2329 1617 2402 (inter
1674 2345 1833 2406 quos
1891 2328 2110 2391 Petrus
2156 2328 2512 2390 Lundensis
2570 2328 3107 2407 archiepiscopus)
3166 2330 3391 2407 citent,
3451 2333 3518 2390 ut

210 2432 523 2491 centesima
585 2432 883 2492 vicesima
940 2430 1039 2493 die
1094 2436 1242 2511 post
1301 2430 1656 2492 citationem
1716 2431 1779 2490 in
1837 2430 2122 2493 Romana
2177 2434 2352 2493 curia
2407 2436 2826 2511 compareant.
2893 2464 2964 2475 ·-
3025 2433 3348 2510 Avinione,
3419 2430 3516 2492 die

208 2532 471 2595 vicesima
516 2533 794 2595 secunda
837 2534 1075 2595 mensis
1119 2533 1347 2613 Martii,
1395 2534 1795 2611 pontificatus
1843 2533 2076 2595 domini
2124 2534 2475 2596 Innocentii
2519 2550 2678 2613 pape
2725 2534 2880 2595 sexti
2925 2550 3090 2595 anno
3137 2541 3379 2613 quarto,

794 2635 1129 2699 mplomatar.
1166 2635 1385 2699 Norveg.
1422 2634 1545 2687 vm.
1586 2634 1839 2690 195—98.

485 2754 702 2821 *22¹st
794 2754 1095 2819 Jonaunss
1152 2755 1539 2819 Lanunusson
1600 2755 1674 2818 de
1726 2756 2123 2819 Vaemaetoftae
2185 2774 2299 2819 sua
2356 2773 2611 2833 suaeque
2669 2757 2808 2817 flliae
2865 2756 3033 2818 bona
3088 2758 3152 2818 in
3212 2758 3518 2819 Hornleve
3588 2764 3672 2817 27.
3709 2764 3892 2815 Μαι-ιιι.

212 2858 409 2918 situata
462 2875 605 2920 cum
665 2859 1057 2938 pertinentiis
1105 2857 1537 2935 waldemaro,
1598 2858 1916 2923 Danorum
1974 2860 2137 2941 regi,
2202 2864 2422 2922 scotat.
2471 2894 2556 2903 —
2601 2858 2911 2939 Roschild,
2970 2860 3284 2922 dominica
3342 2877 3516 2939 prox.

212 2968 333 3036 post
374 2961 920 3023 annunciationem
964 2960 1026 3022 b.
1079 2961 1371 3038 Virginis.

792 3063 909 3115 Udt.
946 3064 967 3113 1
1000 3063 1216 3124 Brasch,
1254 3062 1635 3117 Vemmetol'tes
1672 3064 1801 3116 Hist.
1838 3063 1875 3116 1.
1913 3064 1996 3117 17.

486 3184 706 3249 *2272
797 3183 1134 3249 innocuum
1179 3184 1341 3262 (Viti)
1392 3185 1719 3263 quittantia
1762 3184 1903 3249 data
1947 3184 2320 3265 Reginaldo,
2381 3186 2682 3267 episcopo
2728 3184 3075 3265 Palentino,
3128 3144 3550 3269 thesaurario·-
3589 3194 3674 3248 22.
3713 3195 3843 3255 mall.

212 3301 339 3365 suo,
393 3304 504 3366 pro
561 3290 801 3353 ratione
851 3303 966 3369 pro
1013 3303 1180 3349 anno
1226 3292 1577 3368 transacto,
1634 3290 1697 3350 in
1746 3306 1869 3366 qua
1914 3293 2256 3351 occurrunt
2300 3288 2578 3351 redditus
2626 3305 2659 3349 e
2705 3289 2929 3367 Dacis,
2990 3289 3206 3355 Svecia
3249 3294 3312 3351 et
3354 3290 3519 3352 Nor-

214 3389 383 3464 vegia.
429 3424 508 3434 —
556 3389 869 3470 Avinione,
915 3387 1015 3453 xl.
1064 3389 1186 3453 kal.
1233 3389 1421 3471 Junii,
1470 3409 1531 3472 p.
1582 3408 1643 3453 n.
1691 3408 1858 3453 anno
1907 3395 2148 3473 quarte.

798 3492 1133 3557 Dlplomatar.
1170 3493 1387 3557 Norveg.
1426 3492 1527 3545 vn.
1564 3492 1829 3555 260—623
1862 3494 1983 3555 Jvtr.
2022 3494 2075 3545 S.
2106 3492 2225 3549 916.

491 3613 709 3679 *2273.
797 3614 1103 3677 Jofflunns
1136 3613 1491 3677 Buxrsnuns
1538 3614 1905 3677 consulibus
1940 3616 2007 3675 in
2036 3614 2266 3677 Sandis
2302 3614 2510 3693 refert,
2549 3611 2772 3681 ducem
2795 3614 3354 3695 Magnopolensem
3392 3632 3521 3677 non
3591 3626 3674 3680 25.
3715 3627 3846 3688 maji.

214 3718 385 3777 amice
429 3733 465 3778 a
508 3734 654 3794 rege
695 3717 1015 3778 Danorum
1064 3732 1413 3797 separasse,
1463 3725 1524 3780 et
1570 3734 1778 3793 regem
1826 3718 1890 3779 in
1928 3717 2239 3795 Kolinghe
2285 3718 2505 3796 fuisse,
2554 3716 2659 3778 uhi
2705 3719 2760 3779 ei
2809 3719 3072 3779 comites
3120 3725 3296 3781 terrae
3343 3719 3521 3780 Holt-

214 3820 355 3879 zasie
414 3827 475 3881 et
526 3820 614 3881 illi
671 3819 821 3881 dicti
879 3820 955 3881 de
1001 3818 1185 3881 Juten
1244 3822 1307 3880 in
1366 3837 1699 3883 occursum
1758 3821 1967 3881 venire
2025 3819 2346 3882 deberent.
2411 3854 2481 3865 —
2546 3819 2614 3881 ln
2671 3819 2770 3883 die
2829 3838 2880 3882 s.
2937 3820 3164 3883 Urbani
3218 3824 3522 3902 episcopi,

214 3921 329 3983 sine
372 3940 553 3986 anno.

800 4007 1183 4059 nannet-ecesse
1217 4006 1300 4058 111.
1337 4006 1523 4062 9—10.

490 4111 709 4177 *2274
800 4111 1050 4174 Manuos
1085 4110 1475 4174 Tamassos
1525 4111 1746 4188 saelger
1791 4110 1857 4171 til
1906 4110 2107 4173 Arwid
2143 4111 2519 4180 Gustassson
2565 4116 2630 4172 to
2678 4111 2963 4188 Ottinger
2997 4112 3146 4174 Jord
3193 4114 3212 4173 i
3249 4112 3528 4175 Oriunda
3595 4120 3676 4174 30.
3715 4120 3846 4181 nan.

216 4212 391 4274 Gaard
434 4216 455 4275 i
496 4214 653 4276 Hofs
700 4213 893 4291 Sogn.
944 4250 1011 4257 —
1072 4212 1523 4293 Helsinyboryh,
1574 4213 1851 4279 secunda
1896 4214 2050 4277 feria
2092 4213 2333 4279 dierum
2381 4213 2823 4289 Rogationum.
3283 4214 3524 4293 (Latin.)

800 4315 918 4367 Udt.
956 4318 973 4366 l
1008 4317 1205 4369 svensk
1240 4315 1420 4369 Overs.
1458 4320 1475 4367 i
1512 4316 1749 4371 svenska
1784 4314 2214 4367 Biha-Archlvets
2254 4316 2710 4381 Pergamentsbret
2741 4316 2777 4367 1.
2813 4315 2899 4371 81.

492 4418 711 4485 ’2275.
806 4420 1219 4499 Civiloquium
1278 4436 1565 4483 mvn-Aris
1623 4420 2103 4499 Wlsuamsssis,
2174 4422 2236 4481 in
2307 4438 2430 4498 quo
2489 4425 2786 4483 statutum
2844 4420 2919 4482 de
2967 4420 3406 4500 jurisdictione
3461 4424 3524 4484 in
3593 4426 3646 4480 5.
3681 4426 3841 4477 Junu.

218 4519 483 4586 Skanore.
531 4558 619 4569 —
664 4523 997 4585 Dominica
1039 4530 1187 4603 post
1229 4524 1457 4584 festum
1504 4524 1898 4585 ascensionis
1947 4522 2218 4585 Domini.

804 4626 1144 4687 Bul-meister,
1182 4625 1640 4691 Burgersprachen
1679 4638 1731 4675 u.
1770 4625 2208 4692 Burgervertrage
2243 4623 2292 4675 d.
2329 4624 2480 4680 Stadt
2513 4624 2739 4677 Wlsmar
2777 4624 2828 4677 S.
2862 4625 3080 4681 12—15.

490 4728 711 4794 *2276.
806 4729 1187 4807 SrsrnARUS,
1256 4728 1773 4809 archiepiscopus
1841 4729 2274 4807 Tholosanus,
2344 4730 2722 4790 camerarius
2789 4745 3000 4808 papae,
3069 4736 3286 4791 notum
3355 4732 3524 4809 facit,
3594 4732 3678 4787 22.
3714 4733 3876 4789 lunii.

220 4826 510 4895 Nicolaum
558 4836 931 4912 episcopum
978 4833 1449 4895 Sleswicensem
1495 4838 1733 4909 partem
1782 4833 2172 4893 servitiorum
2222 4832 2469 4895 Henrici
2511 4834 2940 4893 ‘antecessoris
2988 4834 3084 4893 sui
3133 4833 3418 4913 solvisse,
3467 4840 3528 4895 et

218 4935 518 4997 terminum
568 4935 1097 5016 complementum
1146 4934 1423 4997 solvendi
1470 4952 1671 5012 usque
1719 4935 1797 4996 ad
1830 4935 2055 4996 festum
2093 4936 2424 4997 nativitatis
2459 4934 2709 4996 Domini
2743 4940 3060 5015 prorogat.
3097 4968 3180 4981 —
3213 4937 3525 5015 Avinione,

220 5034 301 5096 die
340 5038 511 5100 xxti.
559 5041 797 5102 mensis
843 5040 1029 5102 Junii.

804 5142 879 5204 Ny
912 5141 1183 5197 klrltehlst.
1219 5140 1514 5205 Samilnger
1550 5139 1629 5190 lv.
1664 5138 1919 5195 590—91.

306 5259 499 5325 Regest.
536 5262 662 5313 Dan.
700 5261 761 5313 11.
802 5264 913 5312 Ser.
950 5262 987 5312 1.
3049 5260 3120 5313 40
