4275 5759
1360 340 1579 413 Kone
1634 340 2026 413 VALDEMAR
2086 344 2136 411 Α
2147 362 2480 423 wasme.
3435 346 3582 417 305

248 614 500 675 Labeon:
570 614 702 675 skal
767 612 966 676 betale
1025 614 1123 675 for
1180 613 1408 675 Drabet
1466 629 1579 692 paa
1638 614 1965 691 Marquard
2028 616 2436 694 Westensee,
2504 631 2584 681 οε
2653 616 2809 675 efter
2873 614 3009 675 hvis
3065 614 3352 691 Betaling
3412 614 3588 692 Kong
3715 512 3884 579 1354

244 716 580 778 valdemar
624 716 705 776 vil
751 716 1019 793 glemme
1066 715 1314 777 Lubeck
1361 714 1565 776 denne
1614 715 1755 792 Sag.
1806 751 1886 761 —
1934 716 2001 777 ln
2049 716 2159 777 der
2205 716 2463 779 hochtid
2510 734 2651 777 vses
2697 717 2904 777 Heren
2952 716 3310 778 hemelvart.

3235 818 3303 879 Pl
3343 826 3392 879 tt
3433 820 3571 880 dsk.

865 920 1204 971 Urkundenb.
1234 920 1285 970 d.
1318 918 1468 971 Stadt
1498 918 1708 970 Lubeck
1737 919 1818 969 lll.
1847 919 2139 973 199-201.
2203 920 2441 979 Mantele,
2479 920 2692 971 Lubeck
2721 920 2832 970 und
2857 920 3128 983 Marqvard
3163 826 3264 971 νιξιι
3293 824 3597 973 ἔνοέιοιιεοὲ

868 1005 921 1055 8.
953 1003 1175 1059 46—48.

584 1124 776 1188 2372,
868 1126 1074 1189 Corpus
1111 1129 1291 1175 statut.
1321 1124 1537 1175 Slesvlc.
1568 1123 1649 1173 lll.
1682 1124 1935 1177 126-27.
2011 1124 2318 1187 Bmdstykk.
2357 1127 2374 1176 l
2405 1124 2674 1183 Centena,
2714 1124 2806 1175 Die
2835 1124 2986 1176 Stadt
3011 1124 3253 1175 Tondern
3291 1125 3344 1175 S.
3377 1124 3596 1178 13—14.
3666 1125 3748 1178 11.
3784 1127 3944 1177 sunu.

564 1243 781 1308 ·2199.
878 1244 1207 1305 Renovatae
1258 1244 1473 1305 litterae
1523 1245 2211 1319 excommunicationiS,
2273 1244 2388 1304 sub
2436 1261 2541 1305 no.
2579 1243 2749 1309 2336
2795 1245 3014 1323 allatae,
3077 1244 3417 1306 eorundem
3465 1262 3594 1307 ιιιη-
3665 1245 3749 1299 28.
3785 1246 3946 1299 lunii.

252 1362 599 1425 scoronun,
648 1346 953 1425 adjunctis
995 1346 1265 1409 NncoLAo
1304 1346 1660 1407 Ottoniensi
1709 1352 1769 1406 et
1802 1346 2069 1408 Henanco
2109 1346 2510 1407 Roskildensi
2547 1348 2886 1426 episcopie,
2936 1351 2998 1407 in
3034 1348 3393 1423 Laghonem
3433 1346 3597 1407 Roth

242 1452 509 1511 militem
548 1458 610 1509 et
648 1449 989 1528 complices
1027 1450 1163 1526 ejus
1192 1448 1459 1509 Baecium
1486 1448 1661 1509 Book
1702 1456 1762 1508 et
1786 1449 2087 1523 Esgerum
2119 1449 2490 1509 christierni
2524 1450 2869 1524 armigeros
2905 1450 3149 1511 fratres.
3189 1483 3266 1493 —
3301 1448 3598 1526 Nyburqi,

241 1556 313 1610 in
348 1550 735 1629 par-lamento
778 1551 939 1610 dicto
988 1550 1250 1628 Danlzof‚
1296 1550 1360 1609 in
1407 1550 1613 1626 vigilia
1654 1550 1715 1611 b.
1764 1557 1967 1630 apost.
2017 1549 2182 1611 Petri
2227 1556 2290 1611 et
2333 1549 2524 1613 Pauli.

871 1651 987 1703 Udt.
1026 1653 1043 1701 1
1082 1653 1131 1702 Ρ.
1164 1651 1438 1715 Terpager,
1477 1649 1619 1715 mpoe
1656 1651 1935 1703 Cimbricae
1973 1654 2023 1701 8.
2059 1652 2178 1704 105.

585 1770 777 1836 2373,
866 1772 1197 1823 Aarsheretn.
1239 1772 1317 1822 tra
1346 1770 1738 1822 Geheimearch.
1770 1771 1824 1820 V.
1855 1770 2075 1824 48-49.
2149 1770 2326 1821 Dansk
2353 1770 2624 1841 Oversaett.
2661 1773 2678 1821 1
2715 1770 2980 1827 Hvttreldt.
3021 1771 3202 1822 Danm.
3241 1770 3400 1835 Riges
3437 1771 3594 1827 Kren.
3666 1775 3716 1828 1.
3750 1775 3892 1826 Juln.

872 1856 1151 1920 livartudg.
1197 1857 1281 1907 ΙΙΙ.
1317 1856 1557 1910 515-17
1594 1869 1658 1921 og
1694 1859 1710 1907 1
1750 1856 1945 1917 Suhm,
1986 1857 2111 1908 illst.
2152 1857 2206 1906 af
2240 1856 2423 1906 Danm.
2462 1855 2589 1907 xiil.
2625 1855 2879 1909 295—96.
2951 1855 3068 1907 Udt.
3105 1860 3123 1907 1
3159 1856 3362 1917 Baden,
3411 1857 3595 1907 Danm.

875 1942 1000 1993 Eiet.
1043 1942 1076 1992 Ι.
1114 1940 1261 1995 547-
1285 1940 1370 1996 48.

562 2060 783 2126 *2200.
874 2060 1260 2126 Innocuurms
1318 2062 1527 2137 (Vltus)
1596 2078 1756 2139 papa
1811 2060 2172 2140 Nicolaum,
2244 2064 2348 2139 qui
2416 2067 2598 2123 antea
2653 2068 2800 2142 post
2856 2060 3092 2122 obitum
3155 2062 3400 2124 ilenrici
3461 2062 3595 2140 epi·
3666 2064 3716 2117 2.
3753 2063 3894 2114 Julit.

245 2165 431 2243 scopi
496 2163 924 2225 Sleswicensis
984 2180 1019 2225 a
1076 2164 1380 2243 capitulo,
1449 2166 1809 2241 ignorante,
1882 2165 2266 2226 Clementem
2329 2166 2400 2223 Vl
2460 2180 2680 2244 papam
2746 2162 2863 2223 sibi
2929 2165 3351 2241 provisionem
3408 2164 3596 2242 hujus

245 2268 544 2329 ecclesiae
610 2283 1003 2344 reservasse,
1084 2268 1325 2328 electus
1392 2268 1505 2345 sit,
1588 2283 1757 2327 nunc
1826 2274 2157 2345 postquam
2225 2266 2653 2328 Theodericus
2721 2264 3104 2344 Mindensis,
3186 2282 3370 2343 quem
3439 2282 3601 2345 papa

245 2370 629 2449 episcopum
666 2368 1137 2431 sleswicensem
1188 2370 1603 2446 constituerit,
1652 2370 1727 2429 ad
1766 2369 2198 2447 episcopatum
2235 2368 2627 2429 Mindensem
2676 2369 3012 2429 translatus
3060 2370 3160 2448 sit,
3209 2368 3598 2447 episcopatui

245 2472 655 2533 Sleswicensi
722 2472 961 2532 vacanti
1031 2470 1307 2550 praeflcit.
1370 2506 1449 2515 —
1507 2471 1685 2548 Apud
1741 2470 2172 2531 Villamnovam
2230 2472 2641 2532 Avenionemes
2704 2475 2988 2549 diocesis,
3060 2471 3157 2532 Vl.
3220 2487 3370 2531 non.
3429 2469 3597 2546 Julii,

244 2572 664 2655 pontificatus
708 2574 912 2635 nostri
955 2590 1121 2635 anno
1168 2573 1470 2637 secundo.

874 2676 947 2739 Ny
982 2676 1253 2727 klrkehlst.
1290 2676 1588 2739 Samllnger
1623 2674 1703 2725 lv.
1739 2673 1995 2729 574—76.

566 2796 785 2861 *2201.
877 2795 1265 2860 lunocnurnus
1338 2796 1545 2871 (Vltus)
1614 2812 1777 2875 papa
1837 2796 2178 2874 capitulum
2248 2794 2656 2857 Sleswicense
2725 2796 2986 2858 Nicolao
3057 2810 3219 2857 novo
3295 2795 3597 2873 episcopo
3666 2797 3716 2849 2.
3751 2796 3894 2848 sum.

243 2897 513 2959 obedire
550 2897 753 2976 jubet.
806 2932 875 2943 -·
932 2900 1107 2976 Apud
1155 2898 1578 2959 villamnovam
1624 2898 2033 2981 Aqvinionensis
2074 2900 2344 2977 diocesis,
2395 2898 2492 2958 Vl.
2542 2913 2690 2958 non.
2739 2898 2906 2977 sulii,
2952 2898 3353 2976 pontificatus
3399 2896 3599 2958 nostri

243 3016 430 3062 anno
478 3000 780 3062 secundo.

878 3102 949 3167 Ny
985 3102 1253 3154 kirkehlst.
1292 3102 1587 3166 Samllnger
1622 3102 1701 3153 lv.
1736 3100 1992 3156 576—77.
2065 3103 2278 3153 Sammo
2315 3102 2547 3166 Betaling
2585 3101 2856 3153 udstedtes
2891 3101 2955 3153 tu
2990 3100 3194 3153 Stlftets
3231 3099 3570 3164 Gejstllghed.

566 3220 786 3287 '2202
877 3223 1213 3285 Ιιιιιοειιιτιι
1283 3223 1443 3297 (vlu)
1513 3240 1687 3303 papae
1760 3222 2063 3300 edictum,
2147 3230 2216 3283 ut
2279 3224 2552 3302 populus
2621 3224 2884 3285 civitatis
2953 3228 3016 3284 et
3079 3222 3355 3283 diocesis
3424 3220 3597 3281 Sles·
3667 3224 3715 3277 2.
3752 3224 3895 3275 lum.

242 3325 535 3387 vicensis
601 3323 929 3387 Nicolaum
1000 3326 1369 3405 episcopum
1438 3332 1741 3403 tamqvam
1812 3333 2051 3405 patrem
2117 3332 2181 3386 et
2253 3332 2570 3405 pastorem
2637 3328 2982 3387 animarum
3060 3341 3313 3388 suarum
3381 3323 3598 3385 devote

241 3428 617 3507 suscipiens
654 3428 959 3489 mandatis
1004 3429 1205 3506 ipsius
1251 3434 1486 3507 pareat.
1538 3463 1613 3472 -
1666 3428 1839 3505 Apud
1885 3427 2316 3488 Villamnovam
2347 3429 2765 3489 ,avinionensis
2793 3429 3063 3507 diocesis,
3104 3426 3204 3488 vl.
3243 3443 3393 3489 non.
3431 3426 3597 3504 Julii,

238 3528 662 3610 pontificatus
708 3532 909 3593 nostri
955 3546 1121 3592 anno
1169 3528 1471 3591 secundo.

868 3631 944 3695 Ny
979 3631 1249 3682 kirkehlst.
1289 3630 1587 3695 Samlingcr
1624 3630 1706 3683 IV.
1742 3630 1863 3685 577.

560 3750 780 3817 *2203.
870 3746 1259 3815 Innocsnr‘ius
1308 3751 1518 3827 (Vltus)
1574 3769 1735 3832 papa
1790 3753 2334 3831 archiepiscopum
2385 3752 2781 3817 bundensem
2842 3753 3157 3830 hortatur,
3215 3757 3284 3813 ut
3336 3750 3596 3814 Nicolao
3666 3755 3896 3809 2.]ιι111.

239 3856 557 3935 episcopo
608 3854 1001 3915 Sleswicensi
1062 3856 1124 3913 in
1172 3853 1421 3933 juribus
1482 3855 1613 3915 suis
1670 3854 2038 3934 ampliandis
2098 3864 2160 3916 et
2209 3854 2656 3917 conservandis
2718 3854 3010 3916 auxilium
3068 3856 3244 3915 ferat.
3295 3888 3375 3899 —-
3425 3854 3599 3931 Apud

250 3954 695 4016 Villamnovam
746 3956 1161 4016 Avinionensis
1202 3958 1471 4034 diocesis,
1524 3958 1622 4017 Vl.
1670 3974 1819 4017 non.
1868 3957 2036 4035 Julii,
2083 3956 2486 4037 pontificatus
2535 3959 2731 4018 nostri
2779 3974 2945 4019 anno
2994 3957 3297 4018 secundo.

871 4058 947 4122 Ny
981 4057 1252 4111 kirkehist.
1288 4057 1589 4122 Samllnger
1622 4057 1705 4109 IV.
1740 4058 1859 4111 577.

560 4176 1096 4258 *2204.Mm1u,
1144 4180 1311 4254 regis
1359 4178 1603 4259 Suecie,
1650 4179 1965 4256 Noruegie
2013 4186 2075 4241 et
2121 4180 2374 4259 Scanie,
2425 4198 2566 4241 cum
2613 4180 2865 4241 Alberto
2916 4178 3075 4240 duce
3121 4176 3600 4256 Magnopolensi
3670 4181 3718 4233 9.
3759 4181 4002 4245 Augusti.

242 4280 605 4361 placitatio,
664 4298 740 4341 ex
796 4296 917 4357 qua
963 4282 1018 4341 ei
1079 4280 1382 4342 ducentas
1440 4298 1683 4343 marcas
1739 4284 1979 4371 argenti
2038 4291 2142 4348 aut
2190 4284 2356 4345 mille
2417 4299 2656 4343 marcas
2716 4282 3108 4345 denariorum
3171 4282 3233 4341 in
3280 4285 3444 4341 terra
3490 4296 3605 4340 sua

248 4383 480 4444 Scanie
526 4384 911 4445 currentium
960 4383 1224 4461 singulis
1270 4383 1453 4443 annis
1499 4384 1660 4463 apud
1700 4384 2162 4463 Belsingborgh
2201 4385 2530 4448 solvendas
2579 4385 2900 4465 promittit.
2941 4418 3020 4427 —
3055 4384 3134 4445 In
3175 4390 3366 4443 castro
3409 4386 3605 4441 nostro

248 4484 563 4563 Bonosus,
612 4486 675 4544 in
720 4486 926 4561 vigilia
968 4486 1029 4547 b.
1080 4486 1407 4547 Laurencii
1454 4488 1744 4546 martiris.

877 4587 1053 4651 styffo,
1092 4588 1282 4651 Bidrag
1311 4588 1393 4639 till
1422 4588 1839 4641 Skandlnaviens
1869 4589 2091 4640 historia
2127 4590 2165 4641 1.
2202 4588 2424 4643 20-23.
2493 4590 2610 4641 Udt.
2647 4602 2745 4652 paa
2773 4588 2950 4640 Dansk
2984 4590 3002 4639 1
3029 4587 3241 4646 ΜιιιιοΙι.
3279 4586 3376 4637 Det
3409 4584 3602 4636 norske

877 4670 1029 4724 Folks
1065 4673 1283 4726 111812.
1321 4673 1432 4725 Am.
1473 4672 1803 4727 1.587-88.

569 4792 791 4881 ’2205
880 4792 1079 4855 Psi-sn
1126 4793 1463 4856 Nncussou
1512 4794 1529 4852 i
1580 4794 1941 4872 ltnutstorp,
2004 4794 2259 4874 Ridder,
2321 4794 2572 4873 skjedcr
2615 4811 2734 4874 paa
2779 4796 3054 4857 Skaanes
3100 4792 3488 4869 Landsthing
3537 4790 3602 4850 til
3677 4791 3758 4845 16.
3795 4790 4036 4856 Augusti.

258 4897 501 4959 Kantor
548 4894 949 4958 Benechinus
997 4913 1077 4973 og
1127 4896 1341 4957 Lunde
1380 4894 1601 4956 Kirkes
1651 4896 2156 4974 Bygningskasse
2215 4916 2290 4959 en
2342 4897 2540 4959 Gaard
2604 4899 2624 4957 i
2673 4896 3036 4959 Barssoebek
3083 4913 3164 4972 og
3212 4913 3289 4956 en
3334 4896 3356 4955 i
3403 4894 3603 4955 Elefs-

260 5007 431 5084 torp.
483 5032 560 5043 —-
611 4998 863 5079 Leandis,
913 4996 1173 5058 sabbato
1218 5015 1393 5079 prox.
1441 5006 1590 5078 post
1632 5000 1859 5060 festum
1908 5007 2213 5079 assumpt.
2262 5002 2321 5063 b.
2372 5000 2580 5075 Mariae
2625 5004 2779 5077 virg.
3365 4996 3606 5072 (Latin.)

884 5099 1001 5151 Udt.
1039 5102 1057 5151 1
1093 5102 1289 5153 svensk
1325 5100 1503 5152 Overs.
1540 5104 1559 5152 1
1596 5102 1835 5154 Svenska
1872 5102 2299 5154 Bilis-Archivets
2339 5103 2797 5175 Pergamentsbret
2827 5102 2864 5155 1.
2903 5103 2985 5157 60.

370 5220 578 5287 aegest.
614 5220 744 5273 Dan.
783 5218 841 5273 11.
880 5220 992 5272 Ser.
1028 5220 1065 5273 1.
3127 5221 3196 5275 39
