4275 5759
462 524 647 591 1345.

328 630 459 679 Ante
474 629 555 682 15.
570 629 698 693 Aug.

344 1262 423 1315 15.
460 1263 701 1327 Augusti.

338 1914 418 1966 16.
455 1915 697 1977 Augusti.

369 2360 451 2411 20.
490 2361 691 2423 septbr.

367 2908 451 2963 26.
490 2908 693 2972 Septbr.

368 3354 451 3405 29.
491 3353 693 3417 septbr.

368 3970 452 4026 29.
490 3973 695 4036 septbr.

372 4384 456 4436 29.
492 4384 695 4448 Septbr.

373 4897 453 4950 10.
491 4897 699 4948 Octobr.

425 5016 475 5069 5.
514 5016 699 5066 Novbr.

777 361 923 431 274
1885 354 2103 430 KoNe
2157 354 2554 431 VALDEMAR
2605 355 3002 430 Armanas.

1074 630 1293 697 *1943.
1383 632 1687 695 Dominus
1710 632 2007 694 Hsnmcns
2040 629 2260 693 Srsrvs
2288 637 2349 692 et
2371 631 2653 693 Hmmcus
2681 631 3136 695 Hocnnswannn
3158 629 3526 694 consulibus
3543 628 4102 691 Wismariensibus

767 750 881 811 pro
927 734 1049 794 illis
1096 734 1171 795 de
1216 734 1775 813 Kallingheborch,
1835 732 2059 811 quibus
2116 732 2284 798 bona
2339 736 2401 795 in
2459 740 2644 815 portu
2689 734 3123 795 Wismariensi
3178 749 3291 813 per
3333 732 3476 793 illos
3520 731 3598 795 de
3642 731 3856 796 Lubek
3914 738 3978 793 et
4021 731 4100 792 de

768 834 1010 896 Rostok
1065 835 1269 899 ablata
1314 844 1491 915 sunt,
1554 838 1952 916 promittunt,
2010 836 2244 900 nullam
2301 839 2608 901 actionem
2669 852 2858 914 super
2912 835 3096 899 dictis
3150 834 3338 900 bonis
3395 841 3751 899 secuturam
3801 851 3968 896 esse.
4015 869 4102 878 —

767 938 925 998 Ante
970 939 1200 999 festum
1248 941 1696 1018 assumptionis
1741 938 1802 999 b.
1850 938 2063 1001 Marie.

1384 1042 1717 1100 Rurmeister,
1758 1041 2214 1105 Burgersprachen
2244 1054 2294 1090 ιι.
2325 1042 2760 1105 Burgervertritge
2788 1039 2880 1092 der
2909 1038 3060 1092 Stadt
3084 1038 3312 1091 Wismar
3347 1040 3398 1089 S.
3430 1039 3514 1091 111.
3582 1038 4100 1103 Meklenburglsches

1380 1125 1714 1177 Urkundenb.
1754 1126 1834 1176 lx.
1872 1124 1988 1179 692.
2060 1126 2440 1177 Hauserecesse
2476 1127 2512 1178 1.
2550 1126 2632 1181 73.

1078 1262 1297 1327 *1944.
1390 1264 1663 1327 causans
1702 1264 1910 1339 (Vltus)
1955 1280 2115 1344 papa
2151 1265 2468 1344 episcopis
2504 1263 2904 1326 Roskildensi
2939 1268 2999 1323 et
3036 1262 3298 1343 Ripensi
3344 1269 3407 1324 et
3438 1261 3774 1325 Lubicensi
3821 1262 4098 1339 mandat,

772 1371 839 1425 ut
872 1364 1209 1426 Henricum
1258 1365 1491 1428 dictum
1538 1365 1747 1444 Risze‚
1796 1366 2016 1428 laicum
2067 1366 2502 1428 Roskildensis
2549 1366 2844 1444 diocesis,
2893 1366 2994 1445 qui
3041 1365 3286 1442 aliquos
3331 1366 3674 1429 canonicos
3721 1371 3784 1426 et
3828 1365 4098 1427 clericos

769 1466 1121 1529 Lundensis
1159 1468 1452 1547 diocesis,
1500 1484 1537 1528 a
1581 1467 1786 1530 studio
1820 1467 2155 1529 Parisiensi
2195 1470 2258 1528 in
2295 1471 2551 1547 patriam
2598 1468 2954 1547 redeuntes,
3003 1469 3360 1547 spoliaverit
3393 1474 3454 1529 et
3497 1472 3717 1548 captos
3751 1468 4098 1545 retinuerit,

769 1569 1015 1647 publice
1042 1572 1603 1648 excommunicent,
1640 1570 1842 1632 donec
1877 1572 1952 1631 iis
1978 1576 2407 1650 competenter
2432 1571 2823 1632 satisfecerit.
2853 1606 2924 1616 -
2958 1569 3268 1649 Αυίπίοηε,
3305 1569 3514 1632 xvnl.
3541 1570 3660 1631 kal.
3689 1569 4098 1650 Septembris,

767 1672 1169 1749 pontificatus
1215 1674 1415 1734 nostri
1459 1689 1624 1733 anno
1674 1681 1911 1751 quarto.

1379 1775 1510 1839 Dipl.
1549 1774 1787 1835 Svecan„
1824 1776 1903 1827 ed.
1944 1778 1998 1827 Β.
2031 1778 2085 1827 E.
2114 1774 2434 1829 Hildebrand
2468 1775 2523 1826 V.
2559 1774 2814 1829 489-90.
2885 1776 2960 1839 Ny
2995 1773 3268 1826 kirkehlst.
3309 1774 3604 1838 smunger
3639 1774 3721 1827 lv.
3753 1774 4016 1828 563—64.

1071 1910 1291 1975 *1945.
1382 1912 1683 1974 Joussnes
1717 1914 2072 1977 Asnanssou
2114 1913 2189 1974 de
2231 1913 2426 1975 stae
2463 1913 2710 1995 publice
2751 1913 2814 1973 in
2860 1912 3087 1992 placito
3124 1911 3700 1979 Harthakaersheret
3735 1912 4099 1974 Benechino

768 2016 1075 2075 canonico
1113 2013 1429 2075 Lundensi
1476 2015 1709 2075 curiam
1758 2032 1931 2078 suam
1973 2017 2034 2075 in
2073 2016 2468 2095 Hortaethorp
2516 2016 2695 2077 sitam
2731 2019 2873 2095 jure
2921 2020 3223 2094 perpetuo
3261 2014 3704 2093 possidendam
3753 2021 3977 2076 scotat.
4017 2049 4100 2060 —

765 2114 985 2177 Tereia
1030 2117 1185 2179 feria
1227 2121 1373 2197 post
1416 2120 1921 2197 assumpcionem
1968 2117 2029 2178 b.
2078 2118 2290 2179 Marie.

1380 2219 1513 2284 Dipl.
1551 2218 1789 2280 Svecan„
1826 2219 1906 2271 ed.
1947 2221 1999 2270 B.
2028 2220 2087 2271 E.
2117 2219 2437 2271 Hildebrand
2472 2220 2530 2272 V.
2565 2219 2684 2274 491.

1072 2354 1287 2421 *1946.
1380 2358 1653 2420 Casurus
1673 2356 1883 2433 (Vltus)
1914 2375 2075 2437 papa
2102 2360 2455 2437 praepositis
2488 2356 2773 2418 Stadensi
2800 2362 2860 2417 et
2889 2356 3168 2418 Vtinensi
3195 2362 3255 2417 et
3274 2357 3663 2418 thesaurario
3689 2358 4100 2419 ecclesiarum

768 2457 1209 2521 Lubicensium
1247 2461 1517 2539 mandat,
1566 2469 1633 2523 ut
1670 2462 1937 2523 Hem-ico
1975 2462 2275 2540 episcopo
2314 2460 2728 2538 sleswicensi,
2770 2460 3074 2538 querenti,
3127 2458 3294 2536 quod
3325 2476 3612 2538 personae
3652 2466 3774 2520 tam
3812 2460 4100 2537 religosoe

766 2577 948 2639 quam
1008 2562 1325 2623 seculares
1384 2562 1549 2624 bona
1604 2566 1739 2641 ejus
1798 2562 2181 2641 episcopalia
2224 2570 2538 2642 occupent
2594 2564 2774 2640 eique
2832 2562 3150 2624 molestias
3196 2562 3496 2640 inferant,
3565 2562 3952 2642 provideant.
4019 2596 4098 2606 —

766 2662 943 2741 Apud
990 2662 1415 2725 Villamnovam
1461 2667 1877 2726 Avim'onensis
1918 2667 2192 2742 diocesis,
2238 2665 2365 2727 xil.
2412 2665 2532 2726 kal.
2581 2664 2746 2742 Oct.‚
2793 2681 2893 2726 an.
2941 2664 3042 2726 lv.

1378 2767 1451 2831 Ny
1484 2767 1752 2820 kirkehlst.
1788 2768 2085 2833 Samlinger
2120 2767 2200 2818 1v.
2237 2766 2491 2821 564—65.

1070 2902 1288 2968 *1947.
1378 2906 1898 2987 Transsumptum
1932 2906 2007 2967 ab
2048 2922 2334 2969 camum
2359 2922 2644 2967 scansus
2669 2904 3060 2967 anitmusts
3089 2904 3320 2967 editum
3346 2906 3686 2968 litterarum
3714 2903 4100 2966 Woldemari

766 3006 932 3081 regis
971 3005 1173 3067 Daciae
1221 3023 1385 3068 anno
1437 3008 1601 3072 1344
1646 3008 1743 3071 die
1795 3010 1849 3073 1.
1892 3010 2157 3085 Augusti
2203 3008 2482 3069 datarum
2528 3008 2605 3069 de
2653 3007 2855 3085 sigillo
2903 3008 3076 3085 regio
3122 3008 3254 3083 (cfr.
3303 3024 3397 3068 nr.
3434 3007 3674 3079 *190¹st
3705 3042 3781 3052 —
3811 3006 4099 3085 Revalioe,

765 3110 917 3170 seria
963 3110 1239 3171 secunda
1283 3116 1424 3171 ante
1472 3111 1701 3172 festum
1746 3111 1807 3173 b.
1855 3110 2182 3173 Michaelis
2227 3110 2606 3187 archangeli.

1380 3212 1578 3277 Bunge,
1614 3213 1771 3273 Liv.-,
1811 3213 1984 3264 Esth.-
2022 3226 2073 3263 u.
2110 3212 2522 3264 Curiandisches
2557 3212 2894 3264 urkundenb.
2931 3212 2990 3263 u.
3028 3209 3282 3266 sss—87.

1072 3348 1287 3413 *1948.
1378 3349 1798 3413 Womsmaus
1848 3351 2163 3414 Danorum
2213 3351 2694 3430 Sclavorumque
2739 3368 2877 3429 rex,
2941 3350 3061 3413 dux
3111 3350 3414 3427 Bistoniae,
3469 3349 3790 3429 privilegia
3833 3350 4100 3411 civitatis

768 3449 1030 3512 Revaliae
1089 3451 1414 3513 confirmat
1470 3459 1531 3514 et
1583 3452 1901 3533 concedit,
1958 3471 2038 3515 ne
2096 3456 2238 3532 quis
2296 3455 2356 3514 in
2414 3460 2577 3515 terra
2634 3454 2887 3515 Estonie
2946 3453 3248 3514 decimam
3306 3454 3573 3531 piscium
3631 3452 3706 3514 de
3751 3450 4098 3514 Estonibus

765 3554 924 3615 infra
968 3560 1207 3615 murata
1251 3554 1512 3616 civitatis
1559 3555 1883 3617 antedictae
1929 3558 2205 3636 recipiat.
2255 3591 2336 3601 -
2383 3555 2642 3633 Bet-alie,
2690 3556 2786 3616 die
2831 3556 2895 3617 b.
2942 3555 3266 3617 Michaelis
3311 3554 3688 3632 archangeli.

1385 3658 1581 3722 Bunge,
1617 3658 1775 3717 Liv.-,
1814 3657 1985 3708 133111.-
2015 3671 2065 3707 ιι.
2097 3658 2506 3710 Curiandlsches
2534 3658 2870 3709 Urkundenb.
2899 3657 2958 3708 11.
2985 3656 3240 3711 389-90.
3313 3658 3510 3719 sange,
3547 3656 3766 3719 Quellen
3795 3656 3846 3707 d.
3876 3657 4100 3708 Revaler

1376 3743 1703 3795 Stadtrechts
1738 3744 1797 3794 ΙΙ.
1836 3742 1937 3797 108
1962 3772 1989 3779 -
2008 3744 2122 3798 109.
2194 3743 2386 3809 Regest
2432 3746 2561 3797 efter
2607 3745 2747 3807 orig.
2795 3747 2814 3794 i
2851 3744 3088 3808 Beltrige
3121 3758 3164 3793 z.
3203 3742 3386 3795 nunde
3423 3742 3625 3803 Ebstffi
3669 3743 3811 3795 ΠΜ.-
3865 3755 3921 3793 n.
3960 3743 4098 3794 [ιιι-

1378 3829 1530 3881 lands
1566 3830 1627 3888 ll,
1662 3830 1711 3883 2.
1750 3830 1802 3881 S.
1832 3830 2085 3884 195-96,

1072 3965 1289 4031 *1949.
1380 3966 1805 4031 Wotnnmnus
1842 3967 2159 4030 Danorum
2198 3968 2677 4046 sclavorumque
2717 3985 2822 4030 rex
2859 3975 2921 4030 et
2953 3966 3073 4029 dux
3110 3966 3383 4029 Estoniae
3421 3967 3740 4060 privilegia
3775 3964 4098 4028 Revaliam

770 4071 1290 4147 frequentantium
1338 4070 1682 4132 confirmat.
1734 4104 1811 4114 —
1857 4070 2143 4149 Remum,
2190 4072 2288 4132 die
2333 4071 2396 4133 h.
2446 4072 2764 4133 Michaelis
2811 4071 3186 4149 archangeli.

1384 4174 1587 4236 Bunge,
1641 4171 1807 4233 Liv.··,
1864 4173 2037 4224 Esth.-
2085 4186 2137 4223 u.
2185 4173 2596 4226 Curlfindlscbes
2641 4174 2979 4225 Urkundenb.
3025 4174 3084 4225 ll.
3129 4169 3385 4227 387-88.
3465 4170 3656 4235 Regest
3707 4171 3838 4224 citer
3884 4171 4028 4235 orig.
4079 4174 4098 4221 i

1382 4258 1617 4323 beitrage
1651 4273 1695 4309 z.
1732 4258 1918 4312 Runde
1953 4258 2146 4317 Ehst.-,
2181 4259 2322 4312 le.-
2357 4273 2412 4311 ιι.
2447 4259 2709 4311 Kurlsnds
2745 4260 2807 4321 11,
2841 4262 2892 4314 2.
2930 4260 2980 4311 S.
3011 4259 3130 4315 195.

1076 4376 1291 4443 *1950.
1382 4378 1807 4441 Womsnsus
1854 4380 2170 4442 Danorum
2216 4380 2698 4459 sclavorumque
2745 4398 2850 4442 rex
2897 4388 2958 4443 et
3001 4381 3122 4443 dux
3157 4380 3430 4443 Estonioe
3477 4380 3704 4441 civitati
3741 4376 4102 4439 Revaliensi

772 4482 1126 4561 complures
1173 4498 1365 4561 aquas
1413 4488 1474 4543 et
1518 4483 1725 4544 fontes
1770 4483 1833 4543 in
1880 4485 2085 4545 fossas
2134 4484 2396 4545 civitatis
2443 4483 2670 4545 ducere
2718 4482 3198 4561 molendinaque
3243 4488 3608 4544 construere
3654 4480 3966 4543 concedit.
4013 4514 4102 4525 —

774 4585 1052 4665 Revalice,
1100 4585 1199 4647 die
1245 4586 1305 4646 b.
1354 4586 1679 4648 Michaelis
1725 4584 2103 4664 archangeli.

1384 4690 1590 4752 Bunge,
1646 4688 1813 4749 le.-,
1870 4689 2045 4740 38111.-
2090 4703 2144 4739 ιι.
2191 4687 2600 4740 ὓιιῐίιὶιιᾱίεσὴοε
2647 4687 2985 4740 urkundenb.
3034 4686 3093 4739 11.
3138 4685 3243 4742 388
3265 4685 3394 4742 -89.
3474 4688 3664 4753 Regest
3707 4687 3838 4739 efter
3883 4687 4026 4751 Orlg.
4077 4690 4098 4737 1

1386 4776 1617 4839 Beitrage
1652 4790 1695 4825 z.
1733 4774 1917 4825 Kunde
1952 4773 2146 4836 Ehst.-,
2183 4775 2292 4826 Liv.
2332 4789 2382 4827 ιι.
2420 4774 2680 4829 turlanda
2717 4775 2778 4835 ll,
2815 4774 2864 4828 2.
2903 4774 2956 4827 S.
2985 4774 3102 4830 195.

1106 4892 1299 4957 2267,
1391 4893 1567 4947 Dansk
1601 4896 1780 4947 Overs.
1818 4898 1835 4945 i
1873 4894 2057 4954 Kinch,
2096 4895 2224 4947 Bibe
2258 4896 2358 4959 Bys
2393 4896 2522 4947 Hist.
2559 4893 2714 4947 indtil
2749 4894 2976 4949 Reform.
3013 4896 3065 4945 S.
3093 4893 3333 4950 191-92
3365 4893 3498 4958 uvir.
3534 4893 3589 4946 S.
3615 4893 3752 4958 662).

1076 5014 1295 5079 *1951.
1387 5016 1661 5078 Casurus
1720 5015 1929 5091 (Vltus)
1984 5031 2147 5095 papa
2201 5014 2520 5076 Gerhardo
2576 5015 2652 5079 de
2706 5016 3028 5094 Lubheke,
3091 5015 3475 5097 presbitem,
3535 5016 3974 5077 canonicatum
4037 5022 4102 5078 et

774 5116 1165 5195 praebendam
1234 5119 1295 5178 in
1365 5119 1632 5180 ecclesia
1697 5119 1756 5180 b.
1815 5118 2023 5180 Mariae
2093 5118 2157 5178 in
2221 5117 2609 5197 [lambet-ch,
2677 5118 2842 5201 apud
2908 5122 3140 5182 curiam
3208 5118 3553 5181 Romanam
3619 5124 3914 5180 vacantes
3983 5134 4104 5199 per
