4275 5759
1371 383 1587 466 Kone
1622 381 1831 466 'Eam
1884 417 1971 466 Ar
2022 381 2403 468 Pomantm.
3402 393 3546 471 591

3679 565 3866 631 1422.

530 669 744 735 *4622
836 671 1137 766 iomanes
1184 667 1362 732 Parni
1410 670 1485 733 de
1533 671 1999 752 Ymmerthorp,
2047 671 2350 749 armiger,
2401 670 2610 732 liberis
2658 669 2899 732 Nicolai
2944 670 3186 749 Hanyn,
3237 671 3547 748 quondam
3623 669 3703 724 13-
3735 669 3944 734 septbr.

225 777 429 838 villani
476 773 867 851 HafnlensiS,
917 773 1070 834 duas
1120 772 1409 835 tabernas
1454 775 1515 834 in
1562 775 1700 836 vico
1748 779 1810 835 et
1854 775 2083 852 angulo
2130 775 2194 835 in
2243 772 2612 835 occidentali
2668 779 2840 852 parte
2897 789 2934 834 a
2988 773 3306 835 communi
3351 775 3554 853 platea

224 877 389 940 dicta
447 876 1193 956 Thytheskemannegade
1250 875 1485 938 Hafnioe
1557 878 1707 938 sitas
1776 881 1838 938 et
1893 876 2011 938 sibi
2068 893 2181 957 per
2235 875 2583 938 Johannem
2643 873 3042 937 Geddensten
3112 876 3556 955 impignoratas

224 981 479 1042 dimittit
536 986 599 1042 et
651 981 947 1056 resignat.
1018 1013 1099 1024 —
1165 979 1419 1057 Hasnis,
1490 981 1769 1058 profesto
1826 979 2218 1042 exaltationis
2275 984 2488 1040 sancte
2549 978 2757 1041 crucis
2815 977 3048 1040 domini
3105 975 3322 1040 nostri*
3361 978 3558 1040 Jhesu

224 1083 482 1146 Chnsn.
844 1167 902 1218 0.
941 1168 1167 1226 melnen,
1208 1166 1574 1228 xjobenhavns
1610 1167 2047 1232 Diplomatarlnm
2082 1166 2144 1218 11.
2181 1165 2400 1222 44—45.

542 1306 759 1371 *4623.
848 1304 1057 1368 Nicias
1105 1306 1388 1367 Jomssou
1438 1321 1495 1364 o.
1528 1306 1588 1368 ll.
1642 1306 1912 1383 skjaenke
1961 1304 2143 1367 deres
2192 1304 2362 1366 Gods
2412 1303 2775 1381 Dighernaes
2823 1305 2840 1364 i
2887 1304 3126 1384 Nyland
3171 1306 3239 1366 til
3287 1312 3347 1367 et
3394 1305 3557 1367 Prae·
3632 1323 3710 1378 15.
3749 1323 3954 1389 septbr.

224 1407 428 1469 hende
477 1410 497 1469 i
544 1408 777 1486 Viborg
830 1409 1003 1470 »med
1051 1408 1107 1468 al
1154 1407 1272 1468 den
1322 1405 1476 1486 Ret,
1540 1424 1677 1469 som
1735 1408 1809 1470 de
1855 1408 2009 1470 have
2057 1407 2189 1470 deri
2237 1407 2391 1468 efter
2440 1407 2618 1484 Kong
2664 1407 2843 1468 Eriks
2891 1424 2971 1484 og
3022 1406 3344 1486 Dronning
3390 1407 3556 1472 Mar·
3961 1411 3966 1416 “

225 1511 482 1586 grethes
529 1512 725 1573 aabne
774 1511 986 1572 Brev.·
1042 1545 1123 1556 —
1170 1513 1419 1590 Be'orne,
1468 1519 1684 1572 octava
1727 1510 2067 1572 natiuitatis
2113 1510 2322 1572 Mariae
2371 1513 2522 1588 virg.

846 1613 1019 1678 Brlng,
1056 1613 1241 1666 Bandl.
1280 1613 1381 1665 och
1417 1613 1777 1666 Pamlnnelser
1811 1612 1873 1664 ll.
1910 1611 2174 1668 187—88.

540 1734 755 1800 *4624
848 1737 1033 1797 lappe
1088 1734 1393 1798 lwnnssou·
1454 1735 1921 1798 Snwnascnorr
1984 1732 2306 1812 tilskjoder
2363 1734 2628 1813 Kapitlet
2692 1734 2712 1794 i
2769 1733 3107 1796 Haderslev
3174 1735 3255 1808 sit
3311 1735 3482 1797 Gods
3540 1736 3559 1795 i
3629 1755 3713 1809 29,
3751 1755 3953 1820 septbr.

233 1835 562 1899 Meestedh
610 1839 631 1898 i
676 1837 825 1898 Halk
876 1838 1041 1916 Sogn
1090 1836 1231 1898 med
1281 1836 1627 1900 Forbehold
1677 1838 1743 1899 af
1783 1836 2224 1917 Gjenkjobsret
2279 1835 2466 1898 inden
2516 1835 2599 1900 10
2642 1839 2780 1898 Aar.
2841 1869 2918 1882 —-
2981 1837 3188 1899 Sancti
3236 1837 3560 1900 Michaelis

230 1937 392 2016 dagh
443 1939 593 2001 then
639 1940 904 2018 hyelghe
952 1941 1152 2018 engel.

846 2043 1177 2095 Aareberetn.
1216 2042 1294 2093 rra
1330 2041 1725 2094 Geheimearch.
1764 2041 1833 2102 ll,‘
1860 2041 2041 2106 Tlllaeg
2079 2043 2130 2093 S.
2169 2043 2253 2097 15.

542 2162 761 2229 *4625.
854 2163 1095 2226 Caelum
1148 2164 1541 2242 Ersonrnn,
1600 2165 1815 2226 relicta
1869 2163 2184 2225 Thaconis
2253 2163 2491 2225 Nicolai
2558 2163 2802 2241 militia,
2872 2163 3083 2226 domui
3150 2165 3442 2245 hospitali
3509 2183 3561 2226 e.
3633 2186 3682 2239 ι,
3721 2186 3928 2238 octobr.

234 2263 543 2326 Johannis
579 2265 1123 2344 Jherosolymitani
1170 2267 1233 2327 in
1270 2265 1549 2329 tholm
1597 2254 1673 2328 in‘
1696 2267 1910 2329 Morsa
1958 2283 2144 2328 unam
2192 2269 2424 2329 curiam
2461 2267 2524 2326 in
2559 2266 2700 2327 villa
2734 2263 3142 2328 Fiaelderslass'
3169 2269 3230 2328 in
3269 2269 3567 2347 parochia

234 2367 521 2447 Opthorp
570 2371 632 2430 in
679 2369 891 2432 Morsa
938 2374 1000 2430 et
1045 2370 1198 2431 duas
1247 2372 1452 2432 curias
1499 2372 1561 2430 in
1608 2369 1953 2446 Thnwingh
2009 2371 2072 2429 in
2119 2370 2418 2448 parochia
2465 2369 2718 2448 Galtorp
2775 2369 2836 2428 in
2884 2367 3099 2430 Morso
3161 2370 3434 2450 confert,
3493 2387 3566 2431 ea

233 2469 595 2532 conditione
654 2478 723 2534 ut
783 2471 901 2532 sibi
949 2472 1369 2535 habitaculum
1415 2473 1843 2536 necessarium
1891 2477 1953 2534 et
1996 2477 2124 2534 tres
2171 2489 2373 2534 vaccae
2418 2471 2741 2533 tradantur
2796 2479 2856 2534 et
2911 2480 3056 2552 post
3101 2473 3333 2534 obitum
3384 2491 3564 2535 suum

234 2573 293 2631 in
346 2574 622 2650 qualibet
669 2576 1015 2656 septimana
1060 2577 1254 2637 missa
1298 2594 1411 2656 pro
1461 2575 1733 2638 remedio
1780 2575 2000 2636 animae
2051 2593 2178 2637 suae
2224 2577 2287 2636 in
2337 2575 2606 2638 ecclesia
2645 2591 2696 2636 s.
2724 2575 3028 2638 lobannis
3065 2575 3433 2639 celebretur.
3481 2609 3563 2622 —-

236 2674 411 2736 Feria
458 2679 673 2754 quinta
717 2684 861 2757 post
906 2678 1135 2740 festum
1179 2677 1241 2740 h.
1291 2678 1614 2741 Michaelis
1660 2678 2039 2754 archangeli.
2284 2745 2289 2752 ⁸

851 2778 1137 2831 Dueholms
1173 2780 1625 2844 Dlplomatnrtum,
1664 2779 1785 2843 udg.
1820 2779 1878 2830 al
1910 2779 2117 2832 Nlelsen
2157 2781 2210 2832 S.
2248 2779 2466 2834 12—13.

544 2915 761 2982 *4626.
853 2917 1305 2980 Testimonium
1362 2920 1606 2998 placiti,
1668 2905 1994 2996 ceciliam,
2065 2917 2340 2980 relictam
2397 2917 2712 2980 Thaconis
2769 2918 3011 2983 Nicolai
3067 2920 3310 2999 militis,
3378 2914 3582 2982 unam'
3637 2942 3686 2996 5,
3724 2905 3932 2996 omont,

240 3019 475 3080 curiam
523 3019 587 3080 in
633 3021 773 3082 villa
810 3021 1227 3084 Fioelderslnrf
1267 3023 1327 3083 in
1376 3022 1673 3101 parochia
1720 3020 2005 3101 Opthorp
2051 3023 2113 3081 in
2153 3021 2376 3084 Morsae
2425 3028 2486 3084 et
2531 3021 2684 3084 duas
2733 3025 2938 3085 curias
2986 3026 3049 3084 in
3095 3025 3236 3085 villa
3268 3023 3569 3100 ‘l'hawing

240 3122 297 3180 in
346 3122 649 3200 parochia
694 3124 947 3202 Gallorp
1021 3127 1080 3186 in
1131 3124 1355 3187 Morsae
1404 3124 1619 3186 domui
1675 3124 1970 3203 hospitali
2017 3141 2068 3185 s,
2118 3123 2423 3186 Johannis
2473 3124 3008 3205 iherosolymitani
3069 3129 3127 3187 in
3177 3127 3456 3188 tholm
3504 3127 3566 3186 in

240 3223 463 3287 Morsae
514 3231 819 3289 scotasse.
871 3261 947 3272 —
996 3227 1071 3288 In
1105 3227 1335 3305 placito
1378 3226 1844 3305 Syndkerherret
1887 3229 1953 3285 in
1998 3226 2240 3307 Morsoe,
2302 3245 2477 3308 prox.
2528 3229 2806 3290 secunda
2850 3231 3004 3292 feria
3047 3235 3193 3310 post
3234 3230 3462 3291 festum
3513 3245 3566 3290 e.

238 3325 561 3390 Michaelis
607 3330 985 3408 archangeli.

851 3431 1137 3486 Dueholmo
1174 3433 1629 3496 niplomatarlum,
1670 3432 1789 3496 udg.
1827 3431 1886 3482 al
1918 3433 2125 3485 Nlelaen
2166 3434 2218 3484 S.
2261 3433 2476 3488 13—14.

548 3552 766 3618 *4622
858 3553 1303 3633 Thingsvidne,
1350 3558 1413 3614 at
1448 3553 1566 3615 Fru
1602 3554 1772 3616 Cecil
1816 3555 2220 3633 Esgisdatter,
2268 3555 2374 3616 Hr.
2402 3556 2568 3632 Tage
2615 3555 2906 3619 Nielsens
2949 3557 3418 3634 Efterleverske,
3467 3556 3568 3616 til·
3641 3562 3690 3617 6.
3727 3562 3936 3616 octobr.

244 3654 541 3734 skjodede
603 3656 913 3719 Dueholm
968 3659 989 3718 i
1046 3657 1217 3720 Mors
1275 3664 1337 3718 to
1398 3656 1635 3719 Gaarde
1692 3659 1713 3718 i
1772 3658 1937 3736 Byen
1994 3657 2338 3735 Thawingh
2402 3661 2419 3718 i
2478 3659 2731 3737 Galtrup
2791 3661 2960 3736 Sogn
3018 3661 3035 3720 i
3084 3661 3296 3722 Morsu
3347 3651 3434 3737 'og
3491 3675 3570 3720 en

242 3758 437 3820 Gaard
499 3758 520 3817 i
577 3757 979 3820 Fiaeldersleff
1028 3758 1119 3839 By
1172 3761 1193 3820 i
1249 3760 1430 3821 Otrot
1486 3761 1653 3838 Sogn
1712 3762 1731 3819 i
1778 3759 1969 3823 Mors,
2041 3793 2121 3805 —
2187 3761 2535 3822 Narherrets
2586 3762 2794 3840 thinqlz
2839 3767 2864 3822 i
2908 3765 3136 3843 Morso,
3206 3763 3354 3824 then
3415 3770 3573 3823 naest

244 3860 637 3940 thyngsdagh
684 3862 880 3924 oess'ter
925 3879 975 3924 s.
1025 3863 1289 3925 Michels
1336 3863 1520 3940 dagh.

858 3964 1145 4018 Dueholme
1182 3964 1633 4030 Dlplomatartum,
1671 3966 1795 4029 udg.
1830 3965 1885 4016 at
1917 3966 2126 4020 Nlelsen
2167 3967 2219 4018 S.
2257 3966 2474 4023 15-16.

472 4127 479 4132 ·
552 4101 770 4167 *4628
861 4103 965 4167 Jns
1013 4103 1241 4183 Faasr,
1303 4104 1596 4183 Vaebner,
1661 4104 2010 4166 stadsaester
2056 4107 2153 4165 sin
2199 4105 2548 4168 Morsaster
2595 4105 2711 4168 Fru
2761 4107 2966 4169 Cecils
3016 4107 3239 4186 Skjade
3291 4108 3353 4168 til
3405 4107 3570 4168 Due-
3643 4112 3725 4166 11.
3765 4113 3973 4163 octobr.

247 4205 409 4266 holm
473 4205 722 4268 Kloster
776 4208 796 4267 i
854 4206 1024 4269 Mors
1090 4224 1205 4286 paa
1266 4224 1341 4269 en
1392 4207 1591 4269 Gaard
1636 4209 1655 4267 i
1702 4207 2105 4270 Fiaeldersleff
2146 4207 2230 4287 By
2291 4226 2371 4287 og
2432 4216 2492 4271 to
2553 4211 2789 4272 Gaarde
2853 4213 2870 4271 i
2925 4209 3265 4288 'l'hawingh
3317 4211 3424 4288 By.
3489 4243 3572 4255 —-

248 4307 419 4370 Then
470 4314 614 4370 nest
660 4309 940 4389 syndagh
988 4309 1182 4372 aefi‘ter
1229 4328 1279 4372 s,
1334 4309 1612 4390 Dyonisii
1659 4310 1843 4387 dagh.

861 4411 1147 4465 Dueholms
1186 4414 1635 4478 Dlplomalarlum,
1674 4413 1795 4477 udg.
1831 4414 1887 4465 at
1920 4414 2125 4466 Nleloen
2167 4415 2217 4465 S.
2255 4415 2331 4468 16.

552 4551 769 4618 *4629.
860 4551 1169 4616 Mammas
1229 4553 1423 4630 (Vtus)
1484 4569 1643 4634 papa
1687 4553 1985 4633 Olauum,
2056 4556 2422 4633 episcopum
2484 4556 2918 4636 Arosiensem,
2985 4555 3346 4637 apostolicae
3405 4553 3574 4616 sedis
3644 4558 3727 4612 17.
3766 4557 3972 4609 Octobr.

250 4655 530 4718 nuntium
588 4660 649 4718 et
704 4662 1114 4736 proventuum
1182 4657 1245 4718 in
1318 4657 1540 4735 Dacia,
1612 4657 1827 4718 Svecia
1883 4662 1943 4718 et
1998 4657 2308 4736 Norvegia
2364 4666 2424 4720 et
2487 4659 2864 4736 lligensibus
2923 4660 3258 4740 provinciis
3316 4675 3576 4719 camerae

248 4761 606 4838 apostolicae
677 4759 1025 4822 debitorum
1095 4761 1493 4824 collectorem
1562 4763 1916 4838 generalem
1987 4761 2328 4824 constituit.
2399 4795 2482 4807 —-
2551 4762 2725 4856 que
2779 4764 2946 4842 apud
3003 4768 3264 4822 sanctam
3322 4762 3578 4827 Mariam

248 4873 550 4948 maiorem,
597 4863 750 4925 XVl.
802 4863 917 4924 kal.
966 4863 1366 4942 NouembriS,
1415 4858 1811 4943 pontificatus
1859 4867 2059 4927 nostri
2105 4881 2270 4926 anno
2319 4867 2556 4943 quinto.

864 4967 1199 5032 Dlplomatar.
1236 4971 1453 5033 Norveg.
1490 4967 1569 5020 Vl.
1607 4968 1724 5023 444.

581 5107 771 5175 3372,
861 5111 923 5167 0.
960 5109 1186 5170 Meleon,
1224 5109 1591 5170 Riobenhavne
1628 5109 2059 5175 Dlplomatarlum
2096 5109 2133 5163 l.
2172 5109 2425 5164 151—53.
2496 5109 2611 5161 Udt.
2649 5111 2666 5160 l
2703 5108 2967 5169 Eritium,
3005 5107 3188 5159 Duum.
3230 5105 3381 5172 nges
3421 5105 3577 5159 Kron.
3647 5105 3732 5164 28.
3769 5108 3980 5160 Octobr.

864 5198 1145 5263 xvartudg.
1185 5200 1263 5252 lv.
1298 5197 1587 5254 307-309.
