4275 5759
451 510 633 577 1346.

357 614 440 667 21.
477 614 687 665 Ianuar.

360 1060 443 1113 25.
479 1060 691 1111 Ianuar.

461 1505 507 1558 1.
546 1506 693 1557 Febr.

462 1952 511 2003 5.
550 1952 694 2031 Febr.

428 2496 512 2551 24.
554 2496 696 2547 Febr.

392 2633 475 2688 24.
516 2635 697 2685 Μαι-ιιι.

398 3355 482 3409 26.
521 3356 703 3406 Martii.

380 4089 461 4142 27.
502 4088 709 4161 Aprilis.

380 4380 463 4433 29.
501 4379 709 4444 Aprllls.

495 4807 543 4860 1.
581 4774 714 4867 malt.

762 342 907 415 276
1860 330 2077 405 Kone
2136 314 2527 403 'vanni-:Man
2579 331 2980 405 Amnum.

1065 609 1282 675 *1961.
1375 609 1796 672 Womsmnus
1849 609 2162 670 Danorum
2199 606 2680 685 sclavorumque
2721 624 2848 683 rex,
2889 606 3186 669 dominus
3223 608 3518 685 Estonioe,
3565 608 3884 687 privilegia
3927 624 4087 670 con-

761 720 981 779 ventus
1018 713 1577 777 sanctimonialium
1616 711 1901 773 coenobii
1942 729 1992 772 s.
2030 710 2355 773 Michaelis
2396 710 2656 771 Revaliae
2695 709 3020 772 confirmat
3057 711 3301 789 aliaque
3333 709 3642 773 concedit.
3687 744 3758 755 --
3801 710 4088 789 Rovattae,

763 819 859 879 die
909 816 968 878 b.
1018 818 1273 894 Agnetis
1321 817 1596 892 virginis.

1374 918 1571 981 Bunge,
1609 916 1767 978 Ltv.-,
1805 914 1981 967 Eam.-
2019 928 2071 965 u.
2111 914 2524 966 Curlandlsches
2560 913 2898 967 Urknndenb.
2935 915 2996 966 n.
3032 914 3286 971 391-92.
3323 930 3327 935 ’

1068 1055 1284 1121 *1962
1376 1055 1796 1118 Wonnnmmus
1820 1054 2137 1116 Danorum
2163 1052 2644 1129 Sclavorumque
2671 1070 2797 1130 rex,
2831 1053 2952 1115 dux
2975 1052 3272 1132 Estoniae,
3299 1054 3738 1115 monasteriis.
3767 1054 4091 1116 Michaelis

763 1159 1029 1221 Revaliae
1088 1160 1195 1237 jus
1264 1157 1617 1237 parochiale
1684 1156 1761 1217 ad
1830 1157 2162 1219 ecclesiam
2231 1173 2282 1215 s,
2343 1154 2514 1217 Olavi
2583 1156 2646 1214 in
2702 1155 2952 1217 Revalia
3019 1154 3344 1217 confirmat
3401 1157 3579 1233 eique
3649 1161 4090 1236 proprietatem

764 1263 1107 1326 molendini
1156 1261 1475 1339 cujusdam
1527 1258 1833 1321 concedit.
1886 1292 1961 1304 -—
2010 1246 2292 1335 Romule,
2340 1257 2438 1319 die
2485 1259 2916 1320 conversionis
2959 1258 3226 1337 apostoli
3269 1250 3464 1321 Pauli.

1384 1363 1581 1425 Bunge,
1618 1363 1775 1424 le.-,
1813 1362 1989 1414 Esth.-
2026 1376 2077 1413 u.
2117 1360 2528 1413 Curlandisches
2563 1360 2900 1413 Urkundenb.
2940 1360 3025 1411 ΙΙΙ.
3061 1358 3317 1413 147-48,

1072 1500 1289 1565 *1963.
1382 1500 1601 1579 Maeui,
1650 1502 1815 1577 regis
1854 1500 2104 1576 Sveciae,
2161 1498 2479 1575 Norvegioe
2518 1503 2578 1560 et
2615 1498 2873 1575 Scaniae,
2920 1496 3160 1576 litterae,
3208 1504 3275 1561 ut
3319 1500 3598 1561 consorti
3633 1517 3759 1563 suae
3795 1500 4094 1563 Blanchoe

766 1605 1115 1667 annualiter
1167 1601 1447 1683 quaedam
1496 1618 1739 1665 summa
1784 1601 1859 1664 de
1918 1601 2259 1664 redditibus
2307 1600 2721 1663 nundinarum
2782 1602 2842 1660 in
2893 1600 3127 1661 Scaner
3161 1618 3274 1681 per
3319 1601 3679 1665 advocatum
3729 1620 3912 1665 sunm
3965 1606 4093 1665 sol·

767 1708 964 1771 venda
1014 1710 1112 1769 sit.
1166 1741 1233 1750 —
1295 1706 1604 1783 Lucilios-ie,
1651 1705 1714 1764 in
1760 1704 2039 1784 profesto
2087 1702 2548 1783 purificacionis
2593 1702 2654 1764 b.
2705 1703 2994 1799 Virginis.

1380 1807 1517 1872 Dipl.
1557 1808 1792 1866 Svecan„
1832 1802 1911 1857 ed.
1953 1807 2003 1856 Β.
2034 1806 2092 1857 E.
2122 1804 2442 1856 Hildehrand
2476 1804 2532 1854 V.
2570 1804 2686 1858 538.
2760 1804 3092 1871 Dlplomatar.
3131 1804 3347 1870 Norveg.
3385 1804 3465 1857 Vl.
3502 1806 3790 1861 203—204.

1073 1944 1294 2009 *1964
1386 1946 1703 2008 Amoenus
1751 1942 1955 2005 dictus
2000 1944 2198 2007 Pure
2245 1949 2307 2004 et
2349 1942 2540 2022 Tuo,
2588 1942 2754 2004 filius
2801 1945 2969 2021 ejus,
3028 1942 3298 2005 alodium
3345 1944 3700 2005 Ylmensalo
3746 1950 3809 2007 et
3853 1945 4096 2008 villulas

766 2050 1067 2127 Kallathe,
1115 2047 1503 2125 Lodenrode,
1552 2046 1832 2109 Amunde
1880 2052 1941 2107 et
1980 2046 2254 2125 Langhe,
2301 2062 2436 2123 quae
2484 2049 2596 2126 per
2640 2050 2902 2107 mortem
2939 2042 3201 2107 Relonis
3248 2046 3322 2107 de
3359 2046 3712 2109 Ylmensalo
3757 2046 3834 2109 ad
3884 2064 4094 2125 regem

769 2152 973 2213 Daciae
1010 2154 1153 2230 jnre
1199 2152 1370 2228 regio
1417 2150 1704 2213 devoluta
1746 2149 1975 2210 fuerint
2020 2154 2081 2209 et
2126 2148 2246 2209 sibi
2291 2153 2512 2227 postea
2557 2148 2632 2208 ab
2681 2147 2899 2209 eodem
2949 2148 3172 2210 collata
3222 2150 3365 2229 sint,
3411 2152 3792 2213 monasterio
3827 2149 4094 2213 Padensi

769 2255 1064 2331 obligant.
1118 2288 1189 2300 -
1240 2254 1519 2332 Βευαίἰω,
1568 2255 1632 2313 in
1678 2252 1775 2313 die
1821 2250 1881 2312 b.
1930 2252 2182 2329 Agathae
2231 2250 2481 2327 virginis
2529 2257 2590 2311 et
2634 2250 2923 2312 martiriS.

1383 2357 1578 2419 Bunge,
1617 2355 1774 2413 Liv.-,
1812 2352 1985 2404 Esth.-
2023 2365 2076 2401 u.
2116 2350 2526 2403 Curiandlsches
2561 2351 2899 2404 Urkundenb.
2936 2352 3016 2403 111.
3056 2351 3310 2407 148—49.

1102 2494 1291 2561 2271,
1386 2495 1580 2556 Bnnge,
1617 2491 1775 2551 le.-‚
1812 2490 1988 2541 Esth.-
2026 2503 2077 2540 n.
2117 2488 2527 2541 Curlindlsches
2565 2488 2900 2541 Urlmndenb.
2937 2488 2997 2541 ll.
3033 2489 3286 2544 396-97.

1073 2632 1291 2699 *1965.
1382 2631 1699 2693 Tmssmrus
1746 2644 1817 2690 us
1864 2627 2045 2705 Kane,
2084 2626 2279 2705 judex
2324 2628 2491 2703 regis
2537 2626 2908 2689 vasallorum
2953 2627 3016 2686 in
3061 2626 3338 2707 Estonia,
3385 2627 3678 2708 declarat,
3738 2630 4096 2693 conradum

769 2738 845 2799 de
893 2738 1089 2799 Ohale
1136 2752 1345 2798 coram
1406 2751 1473 2794 se
1532 2748 1641 2793 sex
1687 2747 1927 2791 marcas
1975 2731 2213 2805 argenti
2271 2731 2336 2789 in
2393 2729 2564 2791 curia
2621 2746 2734 2790 sua
2781 2728 3050 2790 Koschal
3095 2735 3156 2790 et
3213 2730 3572 2793 molendino
3631 2732 3858 2793 ibidem
3917 2739 3979 2795 et
4033 2737 4098 2794 in

769 2839 1111 2902 hereditate
1161 2855 1274 2900 sua
1324 2838 1385 2898 in
1433 2835 1673 2897 civitate
1719 2830 2091 2909 Revaliensi,
2155 2848 2290 2909 quae
2335 2830 2502 2891 hona
2545 2848 2582 2891 a
2627 2848 2770 2908 rege
2817 2831 3023 2892 Daciae
3073 2832 3134 2892 in
3180 2832 3433 2895 feudum
3479 2834 3820 2913 possideat,
3879 2836 4098 2897 vendi-

772 2941 963 3005 disse.
1013 2977 1093 2986 —
1146 2942 1211 3002 ln
1258 2942 1537 3019 profesto
1583 2936 2070 2997 annuntiationis
2118 2952 2171 2995 S.
2219 2934 2427 2997 Mariae
2475 2934 2747 3009 virginis.

1389 3044 1583 3103 Bunge,
1620 3037 1777 3095 le.-,
1814 3036 1991 3087 Esth.-
2028 3049 2081 3085 u.
2119 3035 2531 3087 Curiandlsches
2567 3035 2906 3087 Urkundenb.
2944 3035 3002 3087 ΙΙ.
3040 3036 3292 3091 397-98.
3364 3038 3572 3089 Brudst.
3613 3041 3630 3090 l
3667 3038 3867 3102 Bnnge,
3907 3040 4100 3090 Archiv

1386 3128 1419 3177 f.
1468 3123 1655 3177 Gesch.
1701 3122 1857 3181 le.-,
1906 3121 2079 3173 Esth.-
2127 3134 2178 3171 n.
2230 3120 2492 3172 Curiands
2537 3118 2618 3171 Ill.
2665 3120 2732 3175 63
2776 3120 2892 3185 (her
2945 3121 3066 3172 med
3108 3120 3321 3173 Datum:
3379 3125 3432 3174 ln
3481 3122 3615 3175 testo
3661 3126 4098 3177 annunclationls

1389 3226 1429 3264 s.
1469 3208 1676 3274 Marloe).

1081 3349 1298 3416 *1966.
1390 3350 1648 3427 Pernus,
1697 3347 2213 3426 archiepiscopus
2260 3344 2644 3423 Lundensis,
2693 3350 2984 3423 testatur,
3045 3362 3253 3409 coram
3303 3364 3371 3408 se
3418 3348 3752 3426 Jacobum‚
3811 3348 4100 3409 abbatem

776 3455 851 3516 de
912 3453 1257 3530 fleriuado,
1328 3470 1401 3514 ex
1462 3467 1783 3512 consensu
1842 3435 1963 3512 sui'
2007 3454 2384 3525 conventus,
2459 3447 2850 3525 Benechino,
2920 3450 3224 3511 canonico
3287 3450 3640 3530 Lundensi‚
3709 3452 4100 3529 procuratori

775 3557 1025 3618 fabricae
1095 3556 1375 3617 ecclesiae
1438 3552 1823 3631 LundensiS,
1892 3552 1969 3613 ad
2035 3552 2236 3631 ipsam
2300 3549 2592 3612 fabricam
2651 3548 2814 3611 bona
2881 3559 3226 3613 conventus
3295 3555 3392 3614 sui
3459 3555 3522 3614 in
3583 3552 3834 3631 Nybelae
3902 3568 4102 3633 prope

780 3658 1021 3734 Ellinge
1078 3659 1140 3718 in
1198 3656 1739 3718 Harthakerhoeret
1797 3656 1859 3715 in
1920 3654 2220 3734 parochia
2275 3653 2613 3732 Saxoldorp
2675 3654 2793 3714 sita
2849 3654 2912 3713 in
2975 3671 3449 3733 recompensam
3519 3657 3704 3717 curioe
3773 3656 4100 3733 cujusdam

780 3759 1058 3840 ejusdem
1126 3760 1374 3823 fabricae
1442 3760 1505 3818 in
1574 3757 1967 3837 Tostaethorp
2040 3760 2100 3817 in
2173 3756 2410 3835 Syndra
2481 3755 2844 3817 Asbohaeret
2922 3758 3052 3817 sitae
3122 3758 3263 3835 jure
3343 3764 3642 3837 perpetuo
3721 3758 4108 3837 possidenda

782 3870 1085 3925 scotasse.
1136 3898 1212 3908 —
1264 3860 1510 3939 Laudis,
1559 3860 1869 3921 dominica
1913 3859 2151 3921 Letare.

1392 3963 1523 4028 Dlpl.
1561 3962 1798 4022 Svecan„
1837 3962 1916 4013 ed.
1956 3962 2009 4012 B.
2037 3961 2095 4011 E.
2125 3958 2445 4011 Hildebrand
2481 3961 2534 4011 V.
2570 3958 2687 4013 548.

1115 4082 1303 4149 2273,
1398 4084 1602 4146 Bunge,
1647 4082 1805 4141 le.-,
1854 4083 2028 4133 Esth.-
2074 4096 2161 4139 u.,
2208 4080 2616 4132 Curlfindlsches
2666 4080 3000 4132 urkundenb.
3048 4080 3106 4132 11.
3154 4080 3445 4136 398—402.
3527 4083 3731 4147 Bunge.
3783 4084 4006 4146 Qnellen
4053 4085 4104 4134 d.

1397 4168 1613 4220 Revaler
1650 4168 1975 4220 Stadtreehts
2016 4170 2073 4218 ll.
2112 4168 2364 4221 109-12.
2439 4166 2628 4229 Regest
2663 4167 2794 4218 efter
2829 4166 2968 4230 Orlg.
3007 4170 3024 4217 l
3064 4168 3296 4231 Beltrage
3333 4180 3376 4217 z.
3415 4168 3600 4220 {tunde
3635 4169 3830 4230 Ehst.-,
3867 4169 4008 4220 Lim·
4053 4184 4104 4221 n.

1406 4253 1667 4305 Kurlands
1706 4253 1767 4315 ll,
1803 4254 1852 4307 2.
1892 4255 1943 4305 S.
1974 4254 2091 4307 196.
2163 4254 2285 4304 Jvrr.
2326 4253 2508 4307 Suhm.
2550 4252 2679 4303 Hlst.
2715 4252 2771 4302 af
2803 4252 2985 4303 Danm.
3025 4252 3156 4305 xlll.
3192 4252 3442 4309 149-50.

1088 4374 1303 4439 *1967.
1395 4373 1735 4436 erronous
1794 4391 1865 4436 ns
1910 4376 2158 4450 Atwnu,
2212 4370 2402 4450 judex
2459 4390 2496 4433 a
2552 4372 2790 4449 Stigoto
2849 4373 3254 4449 (Andersson)
3315 4376 3697 4436 constitutus
3753 4381 3816 4437 et
3861 4375 4104 4453 judicio

784 4478 954 4555 regio
1013 4480 1096 4553 (in
1142 4476 1416 4551 Estonia)
1474 4475 1849 4555 praesidenS,
1910 4476 2211 4553 declarat,
2271 4474 2691 4537 Hermannum
2743 4474 2990 4538 Risbith
3039 4475 3399 4555 Reynekino
3450 4477 3686 4539 Crowel
3743 4484 3806 4539 et
3849 4478 4104 4540 Alberto

784 4580 858 4641 de
906 4580 1149 4641 Renten
1198 4580 1575 4658 provinciam
1623 4580 1897 4657 Amynde
1945 4578 2172 4640 dictam
2219 4577 2553 4655 obligasse.
2605 4614 2674 4621 -—-
2732 4578 2998 4640 Sabbato
3045 4585 3190 4658 post
3235 4580 3608 4642 dominicam
3655 4581 3716 4640 in
3762 4580 3943 4643 albis.

1398 4682 1593 4746 Bunge,
1631 4681 1787 4741 le.-,
1825 4680 2000 4733 Esth.-
2038 4694 2090 4731 n.
2130 4680 2540 4731 Curliindlsches
2574 4680 2911 4732 Urkundenb.
2950 4681 3032 4732 ΙΙΙ.
3071 4681 3321 4734 149-50.

1088 4802 1305 4866 *1968.
1396 4801 1575 4879 Kong
1622 4802 1887 4863 Macuus'
1945 4818 2025 4879 og
2069 4802 2395 4880 Dronning
2441 4802 2712 4863 Etim-As
2758 4802 3186 4880 Testamente,
3234 4802 3502 4864 hvorved
3547 4802 3658 4864 der
3699 4803 3782 4865 hl.
3823 4822 3880 4865 a.
3931 4804 4106 4867 loves

784 4906 1046 4981 Legater
1080 4906 1147 4965 til
1182 4903 1450 4983 Klostre,
1486 4904 1723 4981 Kirker‚
1760 4902 2132 4983 Hospitaler‚
2175 4904 2733 4981 Helligaandshuse
2773 4920 2850 4981 og
2888 4904 2963 4965 de
3001 4904 3232 4982 Fattige
3268 4904 3549 4967 iSkaane
3585 4921 3667 4981 og
3701 4906 3986 4969 Balland.
4025 4942 4106 4953 ———

788 5007 825 5070 1
864 5008 1160 5087 Lopesom,
1207 5024 1244 5068 a
1289 5012 1643 5069 sanctorum
1692 5006 1955 5084 Philippi
2002 5012 2063 5068 et
2106 5007 2322 5068 Jacobi
2369 5006 2622 5085 apostlae
2671 5007 2854 5083 dagh.
3797 5008 4106 5084 (Svensk.)

1402 5107 1584 5161 Handl.
1622 5110 1725 5159 ror.
1764 5108 1954 5159 Skand.
1996 5108 2121 5160 illst.
2161 5108 2262 5159 xll.
2301 5107 2484 5165 1—37.
2557 5108 2686 5177 Dipl.
2725 5110 2961 5167 Svecan„
3001 5108 3080 5161 ed.
3119 5110 3173 5160 B.
3203 5108 3258 5159 E.
3289 5108 3607 5163 nudebrand
3641 5110 3696 5161 V.
3732 5110 3990 5166 561—68.
