4275 5759
1178 356 1393 430 Kone
1446 353 1947 429 Cnmsrormffl
1997 376 2133 426 nnn
2185 353 2484 428 Fons-ru.
3387 359 3480 430 71

520 630 691 696 *353.
780 629 1037 693 Articuli
1125 629 1573 692 Cnmsroruom
1652 629 1819 706 regis
1887 633 2106 690 contra
2168 627 2470 691 Iacobum
2542 628 2875 690 Erlandum
2944 629 3487 709 archiepiscopum

228 735 588 796 Lundensem.
640 769 716 780 —
765 733 911 795 Sine
957 749 1143 794 anno.
3133 753 3140 760 ·

780 833 1073 898 Langebek,
1113 834 1360 899 scriptor.
1398 846 1498 886 rer.
1536 832 1773 884 Danicar.
1814 832 1869 883 V.
1906 821 2160 887 594-95.

518 935 692 1002 ''354-
784 937 1141 1018 Responsio
1198 938 1408 1000 JACOBI
1467 938 1729 1000 Eanum
1796 936 2254 1062 archiepiscopi
2311 937 2667 999 Lundensis
2721 936 2801 998 ad
2860 938 3154 998 articulos
3201 937 3488 999 Christo-

230 1041 373 1119 phori
410 1042 586 1118 regis.
634 1075 715 1084 —
779 1041 926 1103 Sine
972 1056 1157 1102 anno.

782 1142 1075 1206 Langebek,
1114 1142 1359 1220 scriptor.
1398 1154 1497 1194 rer.
1529 1141 1771 1193 Danlcar.
1809 1140 1864 1192 V.
1900 1141 2155 1195 595—96.

1518 1325 2150 1470 1257-—1259?

514 1545 696 1634 ²355.
790 1569 1261 1646 (Cuiusrornom
1308 1571 1495 1647 regis)
1541 1571 1927 1632 constitutio.
1975 1603 2055 1615 -—
2104 1570 2252 1630 Sine
2297 1585 2482 1633 anno.

784 1671 1185 1724 Korod-Ancher
1200 1709 1213 1726 .
1266 1671 1595 1724 Lovblntorie
1636 1673 1675 1724 1.
1720 1671 2006 1726 eoo-605.
2076 1671 2409 1723 Amberetn.
2463 1671 2541 1722 fra
2598 1671 2988 1723 Geheimenrch.
3040 1669 3096 1723 V.
3135 1671 3338 1726 12—14
3390 1671 3496 1736 (om

787 1756 949 1808 Tiden
998 1770 1056 1809 se
1090 1758 1248 1810 sutas.
1286 1757 1341 1807 V.
1377 1757 1445 1822 3).

1711 1997 1960 2085 1258.

522 2184 695 2251 *356-
788 2185 1115 2249 Snmcmms
1158 2185 1645 2250 Pomeranorum
1692 2186 1813 2248 dux
1858 2191 1920 2246 et
1963 2185 2258 2264 princeps
2319 2184 2637 2265 ecclesiae‚
2685 2201 2842 2264 quae,
2888 2185 3180 2248 fratribus
3216 2183 3496 2246 Dobera-

233 2289 483 2351 nensibus
526 2289 687 2367 data,
732 2290 799 2349 in
846 2288 1171 2352 Samburia
1212 2295 1329 2367 est,
1377 2290 1611 2372 aliquot
1652 2289 1819 2351 bona
1863 2287 1940 2348 ad
1984 2287 2306 2349 abbaciam
2351 2288 2728 2350 fundandam
2775 2287 2965 2349 donat
3009 2294 3071 2350 et
3115 2280 3376 2350 confert.
3417 2321 3498 2332 —

237 2389 491 2464 Der-sowa,
536 2390 888 2453 indiccione
935 2390 1010 2471 1.‚
1057 2391 1158 2452 vl.
1205 2392 1345 2454 idus
1390 2393 1566 2470 Julii,
1613 2397 1893 2471 tempore
1939 2389 2174 2450 domini
2218 2390 2546 2452 Alexandri
2588 2407 2768 2470 pape,
2818 2389 3132 2452 Richardo
3177 2389 3498 2452 Romano-

235 2507 337 2552 mm
376 2499 659 2571 regnante
705 2511 853 2572 rege
900 2500 962 2556 et
1007 2492 1427 2558 Cunisrorono
1475 2509 1701 2556 nouum
1746 2493 1934 2556 DAcm
1981 2509 2282 2555 nucina
2327 2509 2724 2556 coenarum.

788 2594 1304 2660 Heklenburgiscbes
1339 2596 1675 2649 Urkundenb.
1714 2595 1774 2646 11.
1812 2593 2063 2648 124-26.

522 2695 698 2762 *357.
792 2699 1123 2761 Sunomus
1167 2697 1659 2762 Pomeranorum
1718 2697 1837 2761 dux
1894 2704 2111 2761 notum
2157 2699 2334 2778 facit,
2385 2697 2740 2761 conradum
2796 2699 3082 2763 abbatem
3138 2701 3500 2762 monasterii

232 2798 642 2863 Doberanensis
709 2801 947 2880 aliquot
1002 2800 1170 2864 bona
1233 2804 1613 2865 monasterio
1680 2803 1743 2862 in
1803 2801 2122 2863 Samburia
2189 2800 2542 2864 donavisse.
2591 2837 2672 2846 —
2727 2803 3055 2877 Dirssowe,
3122 2809 3296 2864 sexto
3357 2803 3499 2866 idus

232 2901 359 2982 Iulii,
399 2903 718 2982 Rycbardo
766 2921 912 2982 rege
960 2909 1021 2966 et
1067 2903 1491 2969 Cnnrsrornno
1539 2920 1765 2968 uacuum
1810 2904 1998 2966 DAcm
2046 2921 2344 2968 ramenta
2391 2921 2783 2967 cncnnuinrz.

789 3005 1301 3070 Heklenburglscbes
1337 3007 1675 3060 Urkundenb.
1713 3006 1772 3057 11.
1810 3005 2063 3065 127-29,
2096 3007 2215 3067 jvfr.
2251 3007 2312 3056 X.
2348 3005 2465 3060 621.

523 3107 697 3174 *358.
787 3109 1144 3172 Ammon
1190 3111 1398 3188 (thus)
1444 3128 1605 3191 papa
1651 3111 1951 3191 episcopo
1991 3109 2394 3172 Roskildensi
2439 3109 2710 3188 mandat,
2743 3115 2845 3193 lut,
2896 3127 3086 3188 quum
3132 3109 3500 3172 universitas

231 3205 502 3272 hominum
547 3211 736 3273 castri
792 3211 867 3272 de
914 3211 1447 3290 Copmannaehafn
1494 3213 1826 3275 diaconum
1887 3213 2190 3274 latronem
2238 3211 2666 3292 suspenderit,
2726 3212 3270 3292 principalioribus
3325 3214 3502 3275 necis

231 3307 377 3387 hujus
418 3313 713 3404 injungat,
763 3318 831 3376 ut
876 3329 943 3375 se
981 3331 1157 3395 papae
1199 3318 1568 3395 conspectui
1620 3321 2087 3395 repraesentent,
2134 3316 2273 3378 aliis
2321 3322 2524 3377 autem
2572 3317 2707 3394 ipse
2753 3315 3211 3379 absolutionem
3257 3317 3501 3395 impen-

231 3411 325 3472 dat.
371 3449 433 3458 -
502 3411 767 3491 Πίον-ὀᾶ,
818 3416 978 3479 vlu.
1028 3417 1323 3481 kalendas
1372 3419 1775 3500 Septembris»,
1820 3418 2221 3499 pontificatus
2269 3420 2470 3482 nostri
2511 3435 2678 3481 anno
2725 3424 2965 3498 quarte.

794 3519 853 3570 0.
890 3519 1117 3598 Nielsen,
1154 3519 1525 3582 Klabenhavns
1560 3519 1995 3586 Dlplomatarium
2030 3519 2067 3571 1.
2104 3519 2188 3574 22.

528 3619 699 3686 359.
795 3623 1335 3698 Cumisrorflonus)
1406 3623 1725 3687 Danorum
1784 3625 2267 3702 Sclavorumque
2327 3642 2434 3687 rex
2490 3623 2894 3686 bondonibus
2963 3624 3038 3686 de
3098 3623 3505 3701 Haerrigstath

228 3735 409 3782 omnes
474 3723 951 3788 consvetudines
1008 3733 1071 3788 et
1114 3727 1294 3807 Jura,
1365 3744 1500 3805 quae
1557 3744 1594 3789 a
1649 3733 1821 3807 patre
1881 3745 1997 3790 suo
2065 3745 2211 3804 rege
2268 3725 2665 3790 Woldemaro
2743 3727 3194 3818 ndinoscuntur
3259 3727 3503 3806 plenius

228 3821 519 3886 babuisse·
535 3873 550 3906 ,
599 3827 945 3889 confirmat.
994 3863 1075 3872 —
1119 3829 1376 3897 sleswic,
1420 3829 1521 3891 Vl.
1569 3829 1687 3892 kal.
1738 3831 2139 3945 Septembris.

792 3926 1524 3986 fllmor.·1·1dsskr.1v.602.

476 4031 704 4096 -,1017
796 4034 854 4085 0.
891 4033 1119 4096 Nioben,
1157 4034 1392 4100 Samllng
1429 4035 1485 4086 at
1514 4034 1825 4086 Adkomster
1860 4048 1906 4085 o.
1946 4048 1987 4086 s.
2024 4049 2073 4086 v.
2111 4035 2192 4087 tor
2227 4035 2356 4086 Rlbe
2391 4036 2715 4100 Domkapitel
2753 4037 2803 4086 S.
2840 4035 2924 4090 22.

524 4133 704 4200 1022,
795 4135 971 4195 Lisch,
1008 4137 1493 4202 Meklenburglscbe
1529 4137 1812 4190 Urkunden
1850 4137 1886 4189 1.
1924 4137 2176 4192 115—16.
2250 4138 2760 4203 Meklenburgiscbes
2797 4139 3134 4191 Urkundenb.
3171 4139 3229 4190 11.
3268 4139 3383 4192 116.

1237 4383 1463 4466 1258
1527 4383 1701 4466 Fin.
1768 4384 1898 4467 vel
1966 4384 2192 4468 1259
2257 4383 2443 4467 init.

498 4562 669 4629 ’360
764 4566 1053 4630 Iomanis
1100 4566 1249 4630 dicti
1293 4567 1533 4630 abbatis
1580 4566 2055 4631 clarevallensis
2116 4567 2195 4630 ad
2241 4568 2604 4632 coabbatem
2651 4583 2832 4630 suum
2880 4567 2954 4629 de
2999 4568 3222 4629 Esrom
3269 4567 3506 4645 litterae,

222 4664 420 4739 quibus
473 4669 531 4728 ei
582 4669 881 4749 injungit,
929 4677 999 4732 ut
1062 4671 1375 4750 recipiens
1434 4669 1511 4732 ab
1566 4666 1786 4732 abbate
1844 4677 1907 4732 et
1960 4676 2270 4734 conventu
2327 4671 2402 4734 de
2449 4671 2699 4733 Dobran
2753 4671 2912 4733 XXX
2965 4687 3208 4732 marcas
3267 4669 3508 4746 argenti

221 4767 277 4827 ad
330 4767 571 4846 pondus
626 4771 943 4834 Trecence
998 4772 1221 4835 iisdem
1282 4789 1503 4836 omnes
1558 4773 1826 4852 litterae,
1898 4775 2310 4836 instrumenta
2365 4775 2492 4836 sive
2548 4774 2867 4854 privilegia
2919 4773 2995 4835 ad
3055 4771 3373 4836 abbaciam
3430 4771 3508 4832 de

222 4866 443 4946 Dar-gon
488 4873 613 4935 sive
658 4873 737 4935 ad
773 4875 881 4953 jus
926 4877 1339 4956 paternitatiS,
1384 4877 1467 4937 in
1496 4875 1757 4938 eandem
1803 4877 2225 4956 reclamatum,
2273 4878 2649 4955 pertinentia
2693 4875 2907 4937 tradat.
2957 4909 3039 4920 —
3086 4877 3230 4938 Sine
3276 4890 3463 4936 anno.

801 4976 1315 5042 Heklenburgleches
1360 4977 1697 5030 Urkundenb.
1749 4979 1944 5032 1L135
1988 4980 2024 5042 (i
2060 4991 2123 5030 en
2165 4977 2369 5030 Vidisse
2414 4993 2477 5043 og
2523 4979 2808 5042 Kvitterlng
2854 4979 2932 5028 l'ra
2975 4977 3162 5029 Ena-om
3207 4975 3411 5028 Kloster
3457 4975 3513 5027 a(

800 5062 847 5115 7.
883 5062 1007 5115 Junl
1044 5063 1195 5124 1259,
1230 5064 1317 5116 Nr.
1356 5063 1519 5128 ·.363›

3611 625 3798 692 1257.

3535 1382 3940 1450 1257-1259?

3624 2016 3809 2086 1258.

3567 2187 3649 2243 lo.
3686 2187 3828 2240 lum.

3571 2712 3651 2765 10.
3689 2711 3828 2763 Iulii.
3921 2753 3926 2756 .

3571 3123 3655 3178 25.
3703 3125 3942 3188 Augusti.

3573 3638 3655 3692 27.
3704 3639 3944 3701 Augusti.

3572 4048 3622 4102 8.
3662 4049 3866 4112 Septbr.

3663 4379 3830 4444 1258

3539 4483 3649 4534 Fln.
3693 4481 3778 4533 vel
3813 4481 3948 4536 1259

3684 4559 3802 4610 lnit.
