4275 5759
428 933 475 988 1.
513 934 695 984 Martii.

403 1278 449 1329 1.
488 1277 695 1341 Aprilis.

441 1517 524 1572 22.
565 1517 695 1580 Mali.

452 1861 501 1916 3.
537 1862 697 1913 Junss.

444 2409 506 2462 10
555 2409 697 2460 Julu.

434 2630 519 2684 21.
556 2631 695 2683 Julli.
731 2643 739 2654 ·

436 3179 519 3233 23.
556 3181 696 3230 Julll.

436 3520 519 3574 23.
557 3521 697 3572 lulli.

340 3657 423 3712 23.
454 3658 695 3722 Augusti.

339 4084 422 4139 25.
454 4086 693 4150 Augustl.

373 4822 453 4875 17.
492 4821 695 4885 septbr.

775 355 914 424 118
2008 349 2226 422 Kone
2279 349 2468 422 Eam
2523 349 2855 422 Msnvnn.

766 489 2555 498 ————————————n—---..———
2598 491 3110 498 ..ἓ-μή*-

1380 623 1436 674 V.
1492 623 1746 677 432—34.
1829 623 2094 684 Thorsen,
2151 624 2224 677 De
2277 625 2398 676 med
2447 626 2628 690 Jydske
2672 628 2781 679 ιον
2832 624 3146 690 beslaegtede
3191 625 3506 678 Stadsretter
3561 625 3613 677 S.
3652 624 3768 678 112.
3855 623 4108 686 Sejdelin‚

1381 709 1715 774 Dlplomatar.
1748 709 2161 774 menshorgenso
2192 710 2251 762 11.
2279 711 2533 767 886—87.
2602 714 2750 765 Latin
2780 712 2924 775 (med
2949 711 3167 763 Datum:
3205 711 3472 763 sabbatho
3497 715 3620 776 post
3645 711 3786 763 diem
3811 711 4111 772 cinerum):

1379 795 1734 860 westphalen,
1772 796 2106 848 monumenta
2144 797 2228 856 111,
2267 797 2414 850 Praet.
2451 799 2502 850 S.
2543 799 2626 853 92.
2697 800 2950 859 Thorsem
2987 799 3093 850 ant.
3132 797 3206 850 St.
3245 799 3298 850 S.
3337 797 3588 851 141—42.

1115 933 1294 1000 *696.
1390 935 1603 997 Eunus
1674 934 1991 996 Danorum
2063 933 2506 1013 slavorumque
2574 953 2717 1015 rex,
2788 937 2911 999 dux
2967 935 3274 1014 Estoniae,
3343 935 3789 1016 possessiones
3845 933 4108 996 fratrum

767 1039 1240 1118 praedicatorum
1292 1039 1351 1098 in
1401 1037 1651 1098 Revalia
1696 1035 2042 1098 confirmat.
2092 1071 2172 1082 —
2217 1037 2540 1118 Roskildis,
2587 1041 2786 1120 prima
2830 1039 2928 1100 die
2973 1037 3199 1101 Martii.

1386 1141 1580 1202 Bunge,
1619 1138 1757 1189 Liv.-
1764 1137 1989 1198 ,Esthe
2028 1151 2079 1188 ιι.
2120 1139 2531 1191 Curlandlsches
2567 1141 2905 1193 Urkundenb.
2944 1141 2980 1192 1.
3017 1141 3134 1195 700.

1117 1277 1293 1343 ’.697
1382 1277 1849 1338 Testamentum
1892 1274 2146 1340 ΝιεοιΑι
2194 1276 2573 1340 HAuusossu.
2625 1312 2702 1322 —
2752 1279 2831 1352 (1.
2879 1279 3093 1358 April.)

1382 1378 1590 1430 Brudst.
1628 1381 1646 1429 1
1684 1379 2014 1442 Steenstrup,
2054 1379 2265 1430 Studter
2302 1393 2382 1430 ov.
2423 1380 2477 1430 K.
2519 1379 2822 1432 valdemars
2860 1379 3118 1445 Jordebog
3156 1381 3206 1431 S.
3245 1379 3465 1434 62—63.

1118 1516 1293 1581 *698.
1385 1516 1777 1595 protestatio,
1828 1515 1991 1594 quod
2039 1515 2292 1578 domina
2337 1519 2535 1580 Gss'tA
2585 1518 2660 1580 de
2706 1518 3087 1581 Hadersleue
3139 1517 3390 1579 domum
3438 1517 3501 1577 in
3546 1515 3760 1578 Lubek
3808 1517 3981 1576 emit.
4027 1549 4112 1560 -—

771 1619 1239 1696 (Pentecostesl.

1384 1721 1719 1774 Urlmndenb.
1759 1720 1807 1770 d.
1846 1720 1996 1772 stadt
2032 1720 2245 1790 Lubeck
2278 1721 2341 1772 11.
2379 1721 2460 1777 75.

1124 1857 1298 1923 *699.
1389 1859 1663 1922 Anotfus
1728 1877 1943 1922 comes
1990 1859 2306 1921 Holtzacie
2368 1860 2579 1922 comiti
2624 1860 2897 1922 Henrico
2945 1860 3116 1921 fratri
3174 1875 3292 1922 suo
3347 1859 3522 1920 villas
3579 1875 3726 1920 suas
3773 1856 3992 1919 Holtze
4053 1863 4120 1918 et

776 1961 1238 2042 Celmerstorpe
1284 1979 1398 2042 pro
1446 1961 1605 2022 villis
1646 1965 1781 2042 ejus
1823 1962 2088 2040 Sarowe,
2138 1962 2507 2024 Gislenrode
2555 1968 2616 2024 et
2648 1962 2889 2024 Cetelin
2925 1962 3193 2040 dimittit,
3243 1960 3376 2038 sed,
3424 1963 3478 2022 si
3524 1962 3644 2024 dux
3679 1961 3856 2023 Jucie
3891 1959 4120 2022 Holtze

769 2071 831 2126 et
888 2065 1347 2144 Celmerstorpe
1405 2070 1683 2144 tempore
1743 2064 2122 2145 procedente
2187 2063 2491 2127 redimere
2547 2066 2844 2144 voluerit,
2904 2065 3233 2144 proedictas
3277 2065 3454 2126 villas
3511 2065 3578 2124 in
3631 2063 4118 2145 possessionem

770 2184 943 2230 suam
992 2168 1267 2246 recipiet.
1320 2202 1395 2213 -
1442 2167 1675 2247 Etzeho,
1722 2168 1823 2229 lll.
1872 2183 2021 2231 non.
2071 2167 2258 2230 Junii.

1380 2269 1683 2330 michelsen,
1722 2269 2315 2334 Urkundensammlung
2352 2269 2389 2320 1.
2427 2269 2542 2324 140.

1107 2407 1293 2471 1480,
1383 2406 1720 2459 Urkundenb.
1753 2407 1801 2458 d.
1834 2405 1985 2457 Stadt
2017 2407 2229 2458 Lubeck
2257 2405 2290 2456 l.
2323 2405 2578 2461 567-68.
2651 2407 2849 2470 Bunge,
2877 2407 3034 2467 Liv.·,
3063 2407 3230 2458 Esth.·
3257 2420 3310 2456 u.
3331 2395 3742 2458 Cu'riandlsches
3770 2404 4116 2456 Urkundenh.

1385 2493 1421 2543 1.
1458 2491 1579 2547 699.

1114 2628 1289 2694 “loo
1380 2629 1738 2692 BomrAqus
1797 2628 2071 2704 (Vfflvus)
2128 2646 2291 2710 papa
2333 2628 2421 2692 M.
2472 2629 2744 2693 Giffredo
2796 2629 2872 2692 de
2932 2630 3217 2708 Vecano,
3277 2631 3584 2691 canonico
3643 2627 4118 2698 cameracensi,

768 2733 1037 2812 mandat,
1076 2739 1145 2794 ut
1183 2733 1624 2810 Huguitonem‚
1661 2731 1996 2811 plebanum
2032 2731 2234 2814 plebis
2271 2731 2345 2794 de
2386 2732 2761 2794 Castellione
2798 2733 3063 2794 Aretinae
3103 2733 3396 2810 diocesis,
3436 2733 3603 2810 citet,
3640 2736 3707 2793 ut
3740 2735 4113 2808 computum

768 2836 1159 2898 collectionis
1220 2835 1475 2896 decimae
1533 2841 1709 2897 terrae
1772 2843 2001 2898 sanctae
2059 2837 2123 2897 in
2171 2833 2531 2912 Norvegioe‚
2589 2835 2796 2897 Daciae
2845 2840 2905 2897 et
2952 2835 3167 2897 Svetiae
3224 2835 3436 2912 regnis
3491 2834 3669 2896 factae
3726 2831 3962 2894 reddat.
4029 2865 4116 2875 ——

770 2941 1057 3017 Amynta,
1108 2937 1235 3000 Xll.
1283 2938 1401 2998 kal.
1452 2939 1735 3015 Augusti,
1782 2939 2182 3017 pontificatus
2228 2939 2427 3000 nostri
2472 2955 2637 3000 anno
2685 2939 2906 3017 primo.

1383 3039 1719 3103 Diplomatar.
1758 3041 1973 3105 Norveg.
2011 3040 2089 3092 vl.
2126 3039 2209 3094 58.
2283 3040 2492 3098 munch,
2532 3040 2768 3104 Pavellge
2803 3041 3050 3092 Nuntiet-s
3085 3039 3416 3103 Regnskabs-
3456 3052 3520 3102 og
3559 3038 3825 3103 Dagboger
3863 3039 3914 3088 S.
3956 3036 4080 3089 16⁸5.

1118 3175 1293 3242 ⁴701.
1386 3177 1633 3239 Sunious
1678 3175 1901 3240 ΚΑιωτι
1964 3194 2145 3239 rmus
2192 3177 2494 3239 Nicbolao
2552 3177 2718 3238 dicto
2785 3176 3012 3256 Tyndoe
3071 3178 3306 3238 curiam
3365 3193 3540 3238 suam
3596 3177 3660 3236 in
3715 3175 4115 3253 Balmsthaet,

773 3298 953 3360 quam
1002 3297 1039 3341 a
1082 3278 1336 3341 domino
1385 3279 1567 3341 Petro
1616 3281 1921 3342 Ekesithae
1970 3279 2204 3357 habuit,
2251 3280 2376 3341 dat.
2431 3313 2496 3323 ·—
2553 3279 2804 3358 Lundt's,
2852 3281 2912 3340 in
2962 3281 3236 3342 crastino
3280 3278 3342 3340 b.
3389 3279 3582 3342 Marie
3633 3276 4018 3355 Magdalene.

1391 3381 1587 3441 noller,
1626 3382 2113 3446 Foru-flandllngar
2150 3380 2375 3433 rorando
2411 3381 2632 3432 Ralland
2669 3380 2720 3433 S.
2757 3381 2840 3435 27.

1112 3519 1299 3584 1481,
1392 3517 1597 3569 Brudst.
1626 3522 1643 3569 l
1676 3518 2010 3582 Lagerbring,
2045 3520 2177 3570 Svea
2208 3517 2364 3569 Rikes
2393 3519 2521 3570 flist.
2543 3518 2602 3570 11.
2633 3517 2748 3580 750,
2783 3519 3034 3573 751—52.
3107 3517 3262 3570 Udt.i
3291 3518 3460 3576 Celse,
3490 3516 3781 3568 Bullatium
3809 3515 3863 3566 S.
3881 3515 4114 3569 96-97.

1118 3654 1293 3720 *702
1382 3655 1685 3718 Bos-irael!
1733 3655 1960 3731 (Vlllvi)
2008 3673 2181 3734 papae
2231 3655 2306 3716 ad
2355 3673 2564 3732 regem
2613 3656 2802 3718 Dacie
2850 3658 3098 3734 litterae,
3157 3673 3300 3718 cum
3347 3656 3565 3717 nuntio
3609 3655 3822 3716 lsarno
3870 3653 4112 3730 missae,

770 3764 835 3820 ut
900 3758 1249 3820 Iohannem
1317 3759 1859 3838 archiepiscopum
1931 3758 2328 3820 bundensem
2393 3758 2662 3836 henigne
2729 3759 2994 3821 libertati
3061 3760 3376 3836 restituat,
3447 3763 3510 3820 et
3567 3763 3635 3820 ut
3700 3756 3958 3816 nuutios
4029 3755 4112 3816 ad

767 3877 989 3940 papam
1038 3859 1256 3922 mittat.
1312 3896 1373 3904 -—
1438 3867 1727 3939 Anaqnie,
1774 3862 1845 3922 X.
1894 3862 2013 3921 kal.
2064 3859 2468 3939 Septembris,
2515 3863 2734 3939 pontif.
2782 3879 2948 3926 anno
2992 3863 3216 3942 primo.

1382 3963 1518 4013 Anu.
1557 3964 1636 4014 for
1673 3963 1822 4014 nord.
1862 3963 2007 4015 Oldk.
2046 3962 2184 4019 1860
2218 3965 2270 4015 S.
2308 3961 2560 4018 123-24.

1116 4080 1289 4147 *703.
1379 4082 1735 4147 Bomncius
1795 4083 2069 4158 (vmvus)
2126 4101 2290 4164 papa
2344 4083 2560 4146 Isarno
2617 4083 3156 4164 archipresbytero
3215 4083 3708 4145 Carcassonensi
3775 4081 4110 4162 capellano

767 4203 882 4247 suo
947 4185 1226 4264 mandat,
1296 4193 1364 4248 ut
1418 4185 1494 4247 ad
1552 4185 1757 4248 Daeiae
1816 4205 2026 4263 regem
2088 4205 2157 4248 se
2226 4188 2505 4248 conferat
2572 4187 2753 4264 eique
2811 4186 3044 4248 litteras
3112 4185 3491 4266 apostolicas
3557 4186 3838 4262 assignet
3891 4185 4110 4265 ipsum

767 4288 1029 4349 sollicite
1086 4288 1477 4366 inducendo,
1537 4295 1605 4350 ut
1661 4289 2011 4351 Johannem
2070 4290 2616 4369 archiepiscopum
2672 4289 3068 4350 Lundensem
3125 4289 3401 4367 pristina}
3459 4291 3743 4350 restituat
3807 4287 4106 4348 libertati.
4165 4331 4180 4354 ·.

768 4391 828 4452 Si
867 4407 971 4452 rex
1006 4391 1079 4451 ad
1116 4391 1477 4470 hujusmodi
1512 4390 1895 4454 liberationis
1932 4391 2224 4454 effectum
2265 4392 2549 4453 inclinari
2581 4393 2948 4469 nequiverit,
2996 4391 3269 4469 proferat
3301 4394 3365 4452 in
3411 4408 3554 4453 eum
3590 4391 4106 4453 excommunica·
4165 4395 4183 4419 ⁹

764 4495 953 4556 tionis
1016 4495 1383 4557 sententiam
1444 4500 1505 4556 et
1559 4511 1821 4571 regnum
1878 4497 2015 4573 ejus
2073 4501 2387 4575 supponat
2431 4493 2861 4556 ecclesiastico
2907 4493 3258 4557 interdicto.
3305 4529 3388 4541 ——
3431 4494 3723 4573 Anaqnie,
3769 4493 3928 4556 Vlll.
3979 4493 4103 4555 kal.

767 4595 1169 4676 SeptembriS,
1217 4599 1437 4679 pontif.
1485 4613 1650 4657 anno
1698 4599 1918 4676 primo.

1382 4702 1513 4751 Anu.
1552 4698 1632 4749 for
1668 4698 1817 4750 nord.
1855 4698 2001 4751 Oldk.
2042 4697 2178 4752 1860
2213 4699 2264 4749 S.
2302 4697 2558 4752 125-26.
2629 4699 2849 4751 oversat
2881 4712 2981 4765 pau
3015 4699 3193 4750 Dansk
3227 4698 3389 4751 sstds.
3428 4698 3480 4751 S.
3518 4697 3772 4754 126-27.

1116 4817 1292 4883 ’704.
1382 4818 1737 4882 Bomncms
1786 4819 2063 4896 (Vlllvus)
2107 4836 2271 4900 papa
2315 4820 2832 4898 compositionem
2881 4821 3044 4882 inter
3089 4821 3456 4899 episcopum
3503 4818 3988 4882 Roskildensem
4041 4827 4104 4882 et

766 4923 1063 4985 consules
1130 4938 1201 4984 ae
1271 4938 1604 4984 commune
1673 4924 1861 4984 castri
1918 4922 2256 4985 Hafnensis
2323 4921 2670 4984 confirmat.
2737 4957 2800 4966 -
2867 4924 3172 5001 Anaqnie,
3235 4923 3360 4984 XV.
3419 4922 3714 4984 kalendas
3775 4921 4102 5002 OctobriS,

766 5024 1163 5105 pontificatus
1210 5025 1411 5086 nostri
1454 5041 1621 5086 anno
1665 5026 1888 5104 primo.

1382 5126 1439 5178 0.
1478 5127 1706 5188 Nielsen,
1746 5127 2112 5190 Klabenhavns
2149 5127 2583 5193 Diplomatarlum
2620 5127 2656 5178 1.
2693 5127 2913 5181 61—62:
