4275 5759
1204 333 1418 407 Kone
1472 331 1866 407 VALDEMAR
1918 356 2050 406 nnn
2107 336 2379 405 ANDEN.
3346 342 3443 412 43

162 474 355 479 ———
392 470 3441 482 ——————-—————-—————————-———-—————-—.—

151 608 422 669 Nieolaus
469 608 536 669 af
575 607 872 671 Ballands
919 626 998 686 og
1044 608 1164 671 Fru
1211 608 1316 669 Ida
1358 608 1424 668 af
1463 607 1812 669 Schwerins
1859 608 2009 685 Son,
2057 608 2215 669 hans
2262 607 2721 686 Umyndighed3
2790 607 2913 669 han
2972 609 3293 689 forpligter
3350 612 3445 687 sig
3572 612 3755 677 1221.

151 711 206 769 til
246 716 304 770 at
344 709 713 789 tilbagegive
761 712 1023 787 Kongen
1070 711 1203 790 det,
1263 710 1399 771 hvis
1444 709 1740 772 Nicolaus
1785 709 1968 788 deer,
2028 710 2217 772 inden
2274 710 2397 773 han
2453 708 2648 772 bliver
2704 711 2974 790 myndig.
3028 745 3099 757 -
3152 712 3443 787 Racekow,

151 830 232 872 am
275 812 496 874 leuten
541 812 879 875 Februarii.

735 915 910 979 nasu
942 915 1057 967 udt.
1097 918 1114 965 ι
1149 913 1657 978 uenenburguches
1692 892 2028 966 urkundenb.
2075 914 2110 964 1.
2148 912 2385 967 258—-59
2422 926 2485 978 og
2522 918 2538 964 i
2575 915 2778 973 muer,
2827 914 3311 980 rom-nandnngar
3345 919 3447 968 ror.
3484 912 3488 916 ·
3606 954 3615 963 .

741 1000 964 1052 nullane
1000 1002 1050 1051 s.
1091 999 1307 1054 14-15.
1795 1036 1802 1043 .

471 1102 648 1169 *176.
738 1092 992 1167 Hononu
1063 1102 1244 1180 (Illtii)
1311 1120 1484 1184 papoe
1552 1102 1629 1164 ad
1698 1104 2100 1183 praepositum
2149 1102 2823 1185 Cappemhergensem,
2884 1106 3187 1169 decanum
3250 1108 3449 1169 sancti

153 1206 302 1267 Pauli
348 1213 410 1270 et
455 1207 900 1269 scholasticum
953 1207 1152 1269 sancti
1195 1205 1466 1282 Lutgerii
1511 1206 2062 1286 MonasteriensiS,
2109 1207 2357 1285 litterae,
2414 1208 2477 1267 iu
2524 1207 2749 1283 quibus
2805 1208 3247 1283 »A(dalbertus)
3295 1207 3447 1271 Bre-

157 1311 368 1370 mensis
411 1310 929 1389 archiepiscopus
978 1307 1405 1385 suffraganeos
1453 1325 1603 1370 suos
1651 1325 1760 1387 per
1783 1308 2038 1388 Dacuu,
2087 1308 2366 1371 Sveciam
2412 1314 2473 1369 et
2518 1308 2901 1387 Norwagiam
2951 1312 3325 1375 constitutos
3372 1311 3448 1372 ad

159 1412 506 1487 provinciale
554 1412 890 1475 concilium
938 1410 1103 1493 apud
1146 1410 1681 1489 Bamburgensem
1727 1412 2082 1489 ecclesiam,
2129 1429 2205 1473 ex
2249 1428 2327 1474 eo
2373 1411 2705 1491 dumtaxat,
2755 1415 2899 1490 quia
2942 1416 3180 1477 ratione
3225 1415 3445 1476 vicini-

159 1514 280 1573 tatis
323 1513 398 1573 ad
443 1514 566 1576 hoc
614 1514 1003 1577 commodior
1061 1511 1432 1593 habebatur,
1490 1514 1860 1590 aliquotiens
1919 1530 2337 1575 convocasseu
2402 1512 2643 1577 dicitur.
2694 1549 2773 1559 —
2820 1516 3117 1593 Laterani,
3170 1516 3445 1597 pontific.

158 1630 300 1677 anno
346 1620 544 1678 sexto.

741 1718 1096 1785 Lappenberg‚
1135 1719 1414 1783 llamburg.
1457 1717 1884 1769 urkundenbuch
1903 1718 1956 1769 Ἰ.
1993 1717 2247 1775 396-97.

1477 1944 1812 2028 1221-
1831 1946 2105 2028 1225?
3487 1940 3888 2006 1221-1225?

199 2114 331 2180 ἾΊΊ
366 2121 458 2193 (=
491 2115 660 2181 673„
751 2114 1086 2165 Urkundenb.
1150 2114 1198 2165 d.
1261 2112 1410 2164 Stadt
1459 2111 1671 2163 Lfibeck
1723 2111 1758 2161 1.
1807 2111 2024 2165 27-28.
2117 2109 2775 2177 sartorius-Lappenberg,
2842 2112 3093 2163 Urkundl.
3149 2112 3334 2164 Gescb.
3398 2114 3448 2165 d.

744 2200 915 2250 Hansa
950 2198 1009 2249 n.
1048 2199 1148 2253 712
1181 2200 1428 2264 betegner
1458 2197 1578 2249 med
1607 2196 1753 2249 Rette
1773 2198 1957 2249 Brevet
1991 2211 2106 2248 som
2144 2197 2260 2247 ikke
2294 2197 2531 2261 tidllgere
2558 2197 2660 2249 end
2679 2196 2828 2259 1221,
2852 2198 2937 2248 det
2953 2204 3071 2257 Aar,
3110 2198 3172 2248 de
3194 2197 3449 2250 Praedlke-

742 2284 932 2336 brodre
977 2284 1111 2336 feret
1153 2285 1276 2336 kom
1318 2284 1378 2335 tu
1423 2283 1698 2334 Danmark.
1771 2284 1886 2334 Man
1933 2283 2106 2333 kunde
2159 2282 2335 2334 tristes
2379 2283 2441 2334 til
2482 2280 2537 2333 'at
2579 2288 2728 2334 ’saette
2774 2284 2859 2335 det
2892 2287 2909 2333 i
2948 2283 3284 2335 Forbindelse
3328 2286 3449 2341 med

743 2371 963 2421 Munken
1003 2370 1278 2421 Salomons
1312 2369 1480 2421 Uheld
1511 2382 1610 2434 paa
1647 2382 1710 2420 en
1749 2368 1974 2431 Sejlads,
2026 2382 2084 2419 se
2119 2367 2334 2431 Helveg,
2382 2368 2657 2419 Kirkehist.
2704 2370 2763 2420 tll
2800 2370 3079 2421 Reformat.
3119 2370 3154 2419 1.
3191 2369 3447 2424 551—52.

701 2451 1049 2515 'Hohlbaum,
1081 2456 1403 2506 Hanslscbes
1441 2454 1776 2506 Urkundenb.
1815 2456 1851 2505 l.
1889 2454 1956 2507 62
1991 2454 2239 2506 henferer
2276 2454 2362 2505 det
2395 2454 2456 2505 tll
2493 2460 2639 2506 snart
2676 2454 2803 2507 efter
2840 2455 2989 2509 1225.

1663 2680 1910 2763 1222.
3567 2708 3755 2774 1222.

475 2850 654 2917 *178.
745 2851 1039 2913 flammeus
1095 2866 1202 2911 rex
1246 2849 1478 2926 Angliae
1523 2849 1592 2909 E.
1641 2848 2026 2909 thesaurario
2085 2856 2145 2908 et
2192 2847 2253 2910 F.
2304 2853 2364 2910 et
2407 2848 2506 2910 W.
2567 2850 2923 2911 camarariis
2982 2851 3113 2912 suis
3174 2851 3444 2932 mandat,
3485 2861 3570 2915 19.
3605 2861 3845 2925 Augusti.

173 2960 224 3013 nt
271 2954 338 3015 de
382 2954 768 3018 thesaurario
825 2953 952 3015 Ade
1009 2952 1332 3015 Aurifabro
1391 2952 1837 3029 quinquaginta
1893 2950 2127 3013 solidos
2185 2968 2297 3029 pro
2347 2951 2613 3028 quodam
2675 2950 3028 3031 firmaculo‚
3091 2953 3256 3031 quod
3312 2956 3450 3031 regi

169 3054 324 3118 Dacie
365 3059 634 3136 miserit,
683 3064 746 3118 et
787 3055 1040 3117 Tbomae
1087 3053 1163 3116 de
1211 3055 1429 3116 Stanes
1475 3054 1784 3117 aurifabro
1831 3053 1984 3115 duas
2029 3070 2271 3115 marcas
2330 3060 2391 3116 et
2433 3054 2747 3116 dimidiam
2793 3070 2907 3134 pro
2956 3056 3217 3132 quadam
3262 3074 3443 3137 zona,

170 3174 322 3233 quam
363 3160 560 3223 eidem
609 3160 742 3236 regi
785 3158 1043 3235 miserit,
1093 3157 1354 3219 solvant.
1403 3190 1482 3201 ——
1527 3154 1678 3217 XIX.
1727 3155 1824 3217 die
1871 3158 2051 3236 Aug„
2097 3172 2155 3218 a.
2202 3174 2267 3218 n.
2316 3155 2413 3218 vl.
3476 3138 3485 3151 ’

736 3260 920 3325 Hal-dy,
961 3258 1138 3311 Rutuli
1173 3258 1467 3310 litterarum
1504 3257 1807 3310 clausarum
1845 3258 1880 3308 1.
1917 3257 2034 3311 508.
3472 3335 3480 3343 '

475 3362 649 3429 *179.
742 3363 1034 3425 Hssmcus
1081 3378 1186 3423 rex
1232 3361 1468 3439 Anglioe
1525 3362 1595 3424 Ε.
1657 3362 2042 3424 thesaurario
2091 3368 2153 3422 et
2195 3361 2259 3422 F.
2310 3367 2370 3423 et
2411 3361 2512 3422 W.
2573 3364 2927 3423 camerariis
2988 3364 3118 3425 suis
3174 3363 3445 3443 mandat,
3485 3372 3564 3427 19.
3604 3373 3841 3436 Augusti.

173 3469 226 3524 ut
261 3464 326 3527 de
369 3467 754 3529 thesaurario
792 3465 857 3526 B.
901 3464 1340 3527 archidiacono
1363 3464 1575 3543 Dacie,
1622 3466 1840 3539 nuntio
1877 3464 2040 3541 regis
2079 3456 2292 3543 Dacie,
2341 3466 2613 3542 quinque
2658 3482 2900 3527 marcas
2947 3465 3022 3526 de
3070 3465 3234 3528 dono
3282 3467 3447 3548 regis

169 3564 230 3625 ad
271 3586 562 3648 expensas
611 3586 761 3632 suas
807 3585 1023 3631 versus
1069 3572 1277 3648 partes
1325 3583 1471 3630 suas
1518 3566 1686 3628 dent.
1736 3601 1812 3611 —
1861 3565 2014 3627 XIX.
2062 3565 2160 3627 die
2206 3569 2387 3648 Aug„
2433 3584 2597 3629 anno
2643 3585 2693 3629 r.
2742 3585 2802 3630 n.
2854 3568 2951 3628 vl.

735 3670 920 3735 Hardy,
960 3669 1136 3722 Rutuli
1170 3670 1464 3721 litterarum
1500 3669 1802 3721 clausarum
1841 3668 1875 3718 1.
1912 3666 2027 3721 508.

473 3773 644 3839 *180.
733 3772 1078 3849 Boncrotm)
1138 3772 1509 3835 Lubicensis
1569 3772 1848 3853 episcopi
1905 3771 2120 3833 litterae
2183 3772 2257 3834 de
2321 3790 2433 3833 sua
2491 3774 2947 3852 compositione
3006 3792 3147 3834 cum
3194 3773 3445 3835 domino

173 3870 362 3935 Ottone
405 3875 482 3938 de
527 3876 730 3938 Uthin.
783 3910 860 3921 —
907 3877 1121 3954 Anno,
1169 3893 1292 3953 quo
1341 3875 1648 3936 Dominus
1697 3874 2070 3952 GregoriuS,
2118 3891 2372 3937 tronus
2418 3876 2643 3955 DAcis,
2703 3875 3037 3936 concilium
3096 3874 3445 3955 celebravit,

174 3976 528 4057 episcopatus
575 3980 776 4041 nostri
820 3994 986 4039 anno
1029 3977 1185 4039 xm.

735 4080 1016 4141 Leverkus,
1055 4080 1392 4132 urkundenb.
1431 4080 1478 4130 d.
1518 4078 1788 4130 Bistbums
1825 4078 2036 4130 Lubeck
2069 4077 2106 4128 1.
2146 4077 2227 4132 49.

507 4182 626 4248 681
679 4200 748 4246 se
793 4181 968 4247 *118.

1666 4392 1917 4517 1223.
2884 4432 2894 4446 ·
3318 4490 3325 4497 ,
3565 4424 3751 4489 1223.

478 4558 650 4625 *181.
744 4561 1087 4622 Conventio
1145 4562 1306 4622 inter
1351 4560 1720 4629 (Psinemoun
1771 4560 1972 4638 Ildum)
2017 4562 2451 4639 imperatorem
2502 4568 2561 4620 et
2607 4559 2948 4631 (Hammeum)
2996 4575 3207 4635 regem
3252 4558 3443 4621 fllium
3514 4578 3595 4631 24,
3636 4578 3836 4642 Septbr.

182 4658 302 4736 ejus,
344 4678 410 4723 ex
452 4668 626 4743 parte
671 4680 817 4750 una,
867 4670 928 4724 et
971 4663 1262 4725 comitem
1299 4664 1622 4727 Harsiucuu
1672 4663 1746 4725 de
1781 4664 2012 4726 Zwrmu
2065 4670 2124 4725 et
2169 4664 2405 4725 amicos
2453 4664 2611 4740 ejus,
2660 4679 2732 4723 ex
2777 4661 2969 4722 altera
3011 4666 3207 4739 parte,
3258 4678 3445 4739 super

187 4763 489 4839 captivitate
537 4781 724 4828 ancum
769 4766 960 4828 Daris
1006 4771 1068 4826 et
1112 4781 1299 4844 super
1345 4765 1850 4845 condicionihuS,
1902 4766 2151 4844 quibus·
2184 4783 2396 4828 comes
2456 4766 2729 4844 captivos
2784 4764 3138 4843 imperatori
3193 4761 3442 4840 filioque

185 4862 350 4926 tradat.
395 4902 472 4913 —-
519 4870 702 4945 Apud
745 4868 1124 4942 Nortkusam,
1170 4868 1325 4929 Vm.
1373 4870 1491 4930 kal.
1541 4868 1854 4948 Octobris,
1902 4869 2238 4931 indictione
2284 4868 2409 4929 XII.

737 4970 1246 5033 neklenhurglsches
1293 4971 1629 5022 Urkundenb.
1676 4973 1712 5023 1.
1758 4971 2010 5027 273—77.
2100 4971 2307 5023 Brudst.
2354 4974 2369 5021 i
2417 4952 2811 5021 Pom‘mersches
2855 4968 3189 5021 Urkundenb.
3242 4969 3275 5018 Ι.
3324 4967 3439 5021 163.

737 5056 908 5118 Tydsk
951 5056 1126 5107 Overs.
1166 5060 1180 5107 l
1225 5056 1459 5115 Rudloil',
1526 5055 1700 5107 Codex
1742 5057 2108 5122 diplomaticus
2164 5055 2827 5121 historiis-Megapolltnnae
2873 5056 2923 5104 S.
2971 5055 3186 5108 11—16.
3268 5054 3440 5105 Dansk

739 5142 916 5192 Overs.
953 5144 970 5192 l
1005 5141 1248 5195 Vidensk.
1287 5143 1453 5194 Selsk.
1492 5143 1604 5193 Skr.
1643 5142 1698 5193 V.
1736 5143 1922 5195 Raekke
1959 5144 2085 5195 Hist.
2123 5143 2251 5207 pbll.
2289 5144 2400 5193 Aid.
2440 5142 2515 5193 lV.
2555 5142 2838 5196 102—106.

3024 5241 3088 5297 6.
