4275 5759
430 522 611 591 1343.

386 628 469 682 28.
506 628 663 681 lunii.

384 1060 465 1114 28.
504 1062 644 1111 lunii

434 1696 480 1747 4.
519 1696 658 1746 Julil.

395 2311 478 2363 16.
516 2311 657 2362 Julil.

285 2448 664 2500 Antel‘I.Julil.

281 3046 662 3099 Ante17..lulll.

394 3372 473 3425 17.
512 3372 654 3423 Julll.

394 3730 477 3783 28.
515 3732 657 3783 tuni.

326 4243 375 4295 2.
415 4246 654 4307 Augusti.

312 5027 362 5079 2.
401 5029 657 5089 Augusti?

739 362 885 434 262
1846 357 2065 431 Kone
2118 356 2518 430 VALDEMAR
2573 354 2968 428 Arrnnnao.

3845 500 4066 507 -—-————

1041 630 1259 697 *1846.
1350 634 1599 697 Msouus
1669 650 2003 711 regnorum
2070 633 2348 695 Swechie
2418 636 2480 693 et
2537 630 2854 707 Noruegie
2922 646 3030 693 rex
3096 649 3169 694 ac
3235 637 3414 694 terrae
3486 632 3709 695 Scanie
3777 634 4071 697 dominus

736 734 1057 796 Hiancum
1094 738 1386 798 comitem
1432 736 1889 799 Zwerinensem
1926 754 1996 799 ac
2035 735 2407 799 Nicholaum
2447 740 2508 795 et
2552 733 2846 796 Ottonem
2889 734 3255 796 domicellos
3291 734 3366 796 de
3413 734 3648 798 Zwerin
3704 738 3770 797 in
3805 737 4072 799 vasallos

736 852 889 899 suos
936 840 1173 918 recipit.
1224 874 1303 885 -
1350 838 1424 899 In
1467 844 1657 899 castro
1700 845 1897 900 nostro
1942 838 2400 916 Hemnqburqh,
2449 838 2654 912 vigilia
2697 844 2900 916 apost.
2951 837 3110 897 Petri
3158 844 3218 899 et
3263 837 3455 900 Pauli.

1348 942 1525 1006 Styfl’e,
1549 940 1737 1005 Bldrag
1756 941 1837 993 till
1852 938 2272 993 Skandina'viens
2293 939 2544 991 historia!
2551 978 2560 989 .
2576 938 2794 992 15—16.
2850 938 3362 1002 uenenhurgtsches
3372 940 4072 997 Urkundenb.lx.481-—82.

1040 1046 1258 1126 *184·?.
1348 1060 1597 1125 MAGNUS
1635 1078 1969 1138 regnorum
2012 1058 2288 1123 Swechie
2325 1068 2386 1121 et
2419 1056 2733 1135 Noruegie
2770 1076 2876 1120 rex
2911 1075 2983 1120 ac
3019 1060 3195 1121 terrae
3224 1060 3460 1121 Scaniae
3497 1060 3790 1123 dominus
3815 1061 4070 1124 Binrico

735 1164 947 1224 comiti
966 1162 1341 1225 Zwe'rinensi
1382 1169 1442 1225 et
1464 1164 1724 1225 Nicolao
1766 1169 1827 1225 et
1852 1164 2066 1226 Ottoni
2105 1163 2453 1225 domicellis
2495 1162 2570 1223 de
2607 1162 2844 1223 Zwerin
2880 1160 3182 1224 ducentas
3218 1178 3460 1224 marcas
3495 1162 3734 1239 argenti
3771 1164 4070 1244 ponderis

735 1252 1135 1327 coloniensis
1194 1284 1306 1345 pro
1364 1268 1588 1329 annuis
1648 1264 1991 1329 redditibus
2048 1267 2110 1326 in
2174 1262 2335 1327 festo
2397 1265 2730 1327 nativitatis
2777 1263 3082 1326 Iohannis
3137 1263 3423 1343 baptistae
3480 1267 3759 1345 proxime
3809 1260 4070 1329 venturo

736 1368 1213 1446 Helsingburgis
1283 1375 1344 1430 et
1401 1368 1859 1447 subsequenter
1917 1371 1978 1430 in
2037 1370 2200 1430 festo
2262 1367 2421 1430 beati
2485 1368 2734 1429 Martini
2793 1366 3030 1428 Skanor
3087 1367 3268 1428 annis
3333 1366 3598 1444 singulis
3655 1368 4070 1445 assignandas

733 1470 856 1533 dat.
906 1506 985 1515 —-
1032 1472 1108 1531 In
1152 1478 1341 1532 castro
1386 1477 1581 1531 nostro
1625 1471 2098 1549 HelsinyburqiS,
2149 1470 2352 1548 vigilia
2397 1472 2599 1551 apost.
2646 1467 2811 1531 Petri
2857 1477 2918 1531 et
2963 1468 3154 1531 Pauli.

1350 1574 1525 1637 Smne,
1568 1574 1753 1637 Bidrag
1791 1574 1873 1625 till
1912 1573 2332 1624 Skandlnavlens
2368 1573 2590 1623 historia
2624 1571 2660 1622 1.
2696 1572 2780 1625 16.
2855 1571 3367 1635 Meklenburgisches
3402 1570 3740 1625 urkundenb.
3780 1575 3862 1625 lx.
3899 1574 4016 1628 482.

1038 1691 1255 1758 ’1848
1346 1692 1629 1773 ΜΑσιωε,
1688 1693 1968 1774 Norges,
2030 1694 2314 1769 Sveriges
2373 1709 2453 1770 og
2501 1692 2774 1753 Skaanes
2823 1690 3077 1771 Konga,
3133 1691 3329 1771 byder
3371 1691 3703 1755 Bendern‘e
3761 1696 3779 1755 i
3825 1692 4071 1757 Brekko

734 1798 903 1873 Sogn
950 1799 967 1857 i
1016 1795 1443 1876 lamptalande
1489 1804 1550 1857 at
1598 1796 1829 1858 udrede
1876 1798 1995 1857 den
2044 1796 2107 1856 af
2152 1788 2593 1872 Kong'Sverre
2645 1794 2969 1873 paabudne
3012 1794 3190 1873 Told,
3241 1808 3376 1855 som
3425 1796 3636 1857 kaldes
3673 1796 4071 1874 Snndamale,

733 1901 796 1960 til
847 1899 1141 1976 Kongens
1190 1899 1380 1977 Kapel
1439 1901 1456 1959 i
1505 1898 1783 1961 Sundum
1843 1915 1923 1975 og
1982 1897 2330 1977 paalaegger
2377 1894 2707 1974 Lagmaend
2767 1911 2846 1975 og
2891 1894 3262 1959 Lensmaend
3312 1899 3371 1958 at
3430 1898 3705 1961 inddrive
3763 1899 3868 1961 det
3911 1899 4068 1962 ude-

734 2002 1050 2065 staaeude.
1109 2038 1193 2047 —
1250 2001 1773 2081 Hoelsinqaboryh,
1836 1999 2199 2077 friadagben
2257 2006 2454 2061 naesta
2511 2000 2670 2079 eptir
2724 1999 3064 2063 Petrsvoku
3121 2018 3158 2061 a
3212 2000 3408 2062 flordu
3460 2017 3564 2063 are
3621 2017 3706 2063 oc·
3756 2004 4072 2079 tuttugbta

730 2106 879 2167 rikis
925 2122 1085 2167 vars.
3791 2103 4066 2180 (Not-sk.)

1340 2188 1679 2254 Dlplomatar.
1716 2189 1933 2254 Κοῖνος.
1971 2187 2053 2241 111.
2092 2187 2346 2241 190—91.

1062 2308 1231 2376 2232
1278 2328 1345 2373 se
1392 2308 1610 2373 *1851.

1037 2446 1256 2511 *1849.
1348 2447 1715 2508 Gravamina
1749 2460 2051 2509 civirarmr
2082 2462 2473 2508 mmrlmnum
2515 2445 2830 2525 proecipue
2862 2444 3065 2522 quoad
3098 2445 3412 2507 nundinas
3439 2446 3815 2509 scanienses
3851 2453 4073 2509 contra

732 2568 943 2627 regem
995 2551 1215 2612 Suecie
1268 2557 1328 2611 et
1384 2549 1718 2611 advocatos
1766 2553 1828 2610 et
1875 2548 2174 2610 officiales
2222 2550 2391 2626 ejus3
2452 2550 2594 2607 item
2644 2550 3000 2623 'gravamina
3045 2548 3211 2625 regis
3259 2554 3476 2610 contra
3533 2550 3811 2610 civitates
3870 2550 4073 2611 dictas

732 2660 793 2713 et
838 2660 1221 2714 mercatores
1270 2669 1505 2730 earum,
1555 2653 1659 2729 qui
1708 2650 2184 2713 Hensebrodere
2231 2649 2541 2711 dicuntur.
2595 2685 2666 2694 —
2721 2650 2864 2711 Sine
2911 2664 3076 2712 anno
3125 2657 3186 2711 et
3232 2650 3352 2713 die.

1342 2753 1473 2818 Dlpl.
1512 2754 1759 2813 svessa..
1806 2754 1885 2804 ed.
1932 2754 1987 2803 B.
2026 2752 2081 2803 E.
2120 2752 2436 2802 Hildebrand
2487 2752 2539 2801 V.
2590 2751 2828 2805 134—38
2872 2752 2988 2815 (her
3031 2752 3242 2804 henrert
3285 2754 3345 2803 til
3385 2753 3724 2806 Fredsmodet
3766 2755 3782 2804 l
3821 2754 4068 2813 Rostock,

1342 2840 1524 2891 Deobr.
1556 2838 1729 2894 1342).
1802 2839 1900 2890 Om
1933 2839 2094 2889 Tlden
2136 2850 2192 2888 se
2223 2837 2432 2895 Munch,
2473 2838 2566 2889 Det
2594 2838 2787 2889 norske
2818 2837 2970 2888 Folks
3003 2839 3128 2889 itlst.
3160 2838 3208 2889 2.
3240 2839 3354 2890 ΑΜ.
3385 2839 3421 2889 1.
3449 2838 3704 2903 279-80,
3745 2839 3876 2892 hvor
3903 2852 4066 2904 ogone

1340 2926 1465 2977 flere
1503 2924 1853 2989 Brudstykker
1889 2926 1944 2974 af
1976 2924 2247 2989 Klagerne.

1031 3046 1250 3111 *1850
1345 3046 1704 3124 Conceptus
1751 3042 2205 3125 pacificationis
2243 3044 2402 3104 inter
2438 3043 2714 3123 Mannum,
2764 3043 3017 3123 Swecie,
3060 3044 3382 3121 Norwegie
3422 3050 3480 3106 et
3520 3044 3786 3107 Schanie
3824 3063 4062 3125 regem,

728 3154 787 3210 et
835 3151 1112 3210 civitates
1162 3150 1751 3222 (Hanseaticas).·-
1810 3148 1952 3208 Sine
2000 3163 2165 3207 anno
2214 3151 2275 3206 et
2319 3144 2437 3207 die.

1343 3250 1474 3315 Dtpl.
1514 3250 1752 3307 Svecan„
1793 3249 1870 3301 ed.
1910 3248 1965 3299 B.
1994 3248 2051 3299 E.
2084 3248 2404 3299 Hildebrand
2444 3248 2494 3297 v.
2535 3246 2650 3302 175.
2723 3248 3063 3300 Urlmndenb.
3102 3249 3150 3297 d.
3191 3248 3341 3300 Stadt
3375 3249 3587 3301 Lfibeck
3622 3249 3678 3300 ll.
3718 3249 3972 3304 719-20,

731 3370 1257 3445 *1851(=2232)‚
1349 3371 1530 3435 Bring,
1577 3370 1762 3420 flandi.
1812 3369 1908 3419 och
1957 3367 2315 3419 thinnelser
2364 3371 2381 3417 ί
2427 3368 2677 3418 Swanska
2721 3367 2850 3419 Hist.
2901 3369 2934 3418 l.
2984 3367 3236 3421 186—89.
3318 3369 3625 3429 Hoffmann,
3675 3369 3914 3422 Giinther
3959 3385 4066 3423 von

1343 3454 1720 3518 Schwarzburg
1768 3454 1848 3504 ΙΙΙ.
1888 3454 1939 3505 S.
1972 3454 2210 3504 vll—tx.
2291 3452 2630 3504 Urlmndenb.
2684 3453 2731 3504 d.
2771 3453 2921 3504 Stadt
2956 3452 3168 3504 Lfibeck
3210 3452 3272 3503 ΙΙ.
3311 3454 3561 3507 720-22.
3645 3455 3776 3519 Dlpl.
3823 3456 4068 3516 Svecan„

1343 3541 1422 3592 ed.
1472 3540 1526 3591 B.
1563 3540 1618 3590 Ε.
1650 3539 1970 3592 Hildebrand
2014 3538 2068 3588 V.
2116 3537 2372 3592 175—77.
2457 3537 2972 3602 Meklenburglsches
3015 3538 3355 3590 Urkundenb.
3411 3540 3491 3590 tx.
3546 3538 3801 3596 485—86.
3879 3542 3998 3594 Udt.
4051 3546 4068 3593 i

1345 3627 1553 3686 Mum-h,
1594 3626 1687 3677 Det
1724 3626 1913 3677 norske
1950 3624 2103 3677 Folks
2140 3625 2270 3677 Hist.
2307 3624 2355 3677 2.
2392 3623 2506 3674 Afd.
2545 3624 2580 3675 Ι.
2618 3624 2733 3677 280.

1036 3729 1253 3794 *1852
1344 3730 1813 3803 Wmnoumnus)
1882 3728 2200 3790 Danorum
2271 3727 2764 3805 Sclauorumque
2834 3744 2941 3789 rex
3012 3727 3315 3805 declarat,
3397 3728 3642 3791 Petrum
3711 3730 4067 3792 Woendilbo

728 3833 981 3893 militem
1037 3850 1244 3893 coram
1302 3833 1633 3910 justitiario
1692 3847 1807 3892 suo
1868 3837 2159 3909 quattuor
2218 3846 2460 3890 marcas
2507 3831 2646 3909 puri
2694 3832 2967 3908 argenti,
3027 3832 3090 3891 in
3147 3830 3373 3908 quibus
3419 3831 3700 3894 Andreas
3746 3832 4068 3895 Paeterson

729 3938 969 3997 ratione
1037 3935 1342 3996 bonorum
1406 3936 1468 3994 in
1525 3934 1833 4013 Karthorp
1895 3932 2164 3996 Johanni
2224 3932 2490 3993 Lembec
2559 3933 2734 3994 militi
2805 3931 3160 4012 tenebatur,
3229 3950 3300 3994 ex
3361 3932 3534 4014 parte
3595 3934 3746 3998 dicti
3801 3936 4066 3997 Audreoe

728 4038 1007 4114 legaliter
1055 4030 1433 4099 exhibuisse.
1481 4072 1564 4084 —
1614 4036 1900 4099 Secunda
1946 4038 2099 4097 seria
2142 4051 2316 4116 prox.
2369 4039 2510 4096 ante
2558 4035 2785 4097 festum
2834 4035 2894 4096 b.
2945 4035 3126 4097 Olaui
3173 4038 3360 4114 regis.

1314 4139 1397 4190 Ἠ.
1430 4138 1647 4197 Hatzen,
1686 4137 1792 4188 Den
1833 4137 2031 4188 danske
2066 4136 2340 4189 Panterets
2377 4137 2504 4188 illst.
2543 4137 2594 4188 S.
2625 4136 2742 4191 461.

1035 4240 1252 4307 *1853
1345 4244 1715 4305 Watnsmiu
1765 4240 2082 4303 Danorum
2130 4240 2616 4318 Sclavorumque
2677 4243 2844 4317 regis
2892 4247 2961 4302 et
2998 4240 3176 4303 ducis
3215 4240 3490 4303 Estoniae
3539 4244 3869 4306 conventio
3917 4251 4063 4306 cum

728 4342 977 4421 Magno,
1028 4346 1289 4425 Sueciae,
1327 4344 1647 4422 Norvegiae
1687 4351 1749 4405 et
1784 4343 2021 4405 Scaniae
2059 4360 2228 4423 rege,
2266 4342 2340 4404 de
2380 4359 2530 4422 pace
2567 4343 2744 4405 firma
2777 4345 3094 4423 perpetuis
3131 4344 3516 4422 temporibus
3552 4344 3844 4407 duratura
3879 4346 4067 4426 sacta,

724 4452 837 4525 pei·
884 4461 1065 4523 quam
1118 4448 1551 4522 constituitur,
1610 4452 1679 4509 ut
1726 4462 1945 4508 omnes
2004 4448 2166 4506 inter
2223 4452 2554 4523 utrumque
2613 4444 2950 4507 existentes
3009 4444 3443 4509 dissensiones
3501 4466 3538 4509 a
3581 4447 3890 4510 duodenis
3947 4466 4064 4529 pro

723 4554 988 4626 utraque
1056 4555 1230 4630 parte
1300 4549 1515 4611 electis
1584 4548 1829 4610 arbitris
1890 4548 2292 4626 Wardbergis
2361 4548 2458 4611 die
2519 4547 2580 4611 6.
2641 4548 2933 4610 Octobris
2993 4550 3178 4628 huius
3235 4552 3382 4610 anni
3440 4558 3920 4629 componantur.
3981 4586 4062 4597 —

726 4650 1197 4732 Helsinyburyss,
1245 4653 1519 4713 crastino
1567 4645 1686 4713 diei
1732 4650 1793 4712 b.
1842 4648 2003 4713 Petri
2050 4651 2402 4713 aduincula.

1344 4752 1475 4817 Dipl.
1515 4752 1757 4811 Svecan„
1805 4754 1883 4804 ed.
1933 4754 1984 4804 B.
2015 4752 2071 4803 E.
2102 4750 2422 4804 Hildebrand
2467 4750 2522 4802 V.
2561 4752 2813 4807 178-82,
2888 4754 3091 4817 Bunge,
3140 4753 3296 4813 le.·,
3341 4752 3516 4805 Esth.-
3554 4764 3606 4805 u.
3647 4746 4063 4808 Curlfintsssches

1341 4838 1679 4891 Urkundenb.
1719 4838 1758 4889 ll
1807 4839 2061 4893 360—65.
2134 4838 2342 4890 Brudst.
2381 4842 2398 4889 1
2436 4838 2494 4889 0.
2525 4839 2753 4900 Nlelsen,
2795 4839 3160 4900 lljnbenhavns
3189 4840 3622 4905 Dlplomatarium
3659 4842 3694 4892 1.
3731 4840 3816 4895 84.
3887 4840 4006 4894 Udt.
4041 4846 4058 4893 i

1338 4924 1548 4985 Munch,
1588 4926 1683 4976 Det
1718 4926 1911 4977 norske
1948 4926 2099 4977 Follis
2138 4926 2270 4977 illst.
2305 4925 2353 4979 2.
2381 4924 2494 4975 Αἶά.
2532 4924 2568 4976 l.
2605 4924 2723 4979 282.

1031 5026 1251 5093 *iffi-1.
1343 5029 1739 5089 vntomnnns
1798 5040 1901 5090 rex
1963 5030 2176 5106 viginti
2237 5026 2528 5107 quattuor
2589 5028 2804 5091 electis
2867 5024 3146 5109 arbitris,
3205 5030 3682 5110 archiepiscopo
3740 5032 4056 5093 Lundensi

727 5130 1149 5208 superarbitro
1198 5132 1562 5208 constituto,
1612 5147 1830 5192 omnes
1880 5132 2309 5214 placitationes
2357 5139 2417 5193 et
2463 5130 2695 5192 litteras
2743 5132 2904 5194 inter
2949 5146 3016 5194 se
3066 5135 3128 5194 et
3171 5125 3488 5213 Magnum,
3537 5151 3746 5211 regem
3795 5134 4056 5215 Sueciae,
