4275 5759
420 525 609 590 1402.

356 953 442 1009 28.
477 955 664 1006 Novbr.

364 1386 445 1440 15.
484 1387 667 1437 Deobr.

369 1901 452 1954 16.
490 1900 670 1952 Deobr.

370 2314 453 2368 16.
490 2313 673 2365 Decbr.

372 2434 453 2487 16.
492 2433 675 2486 Deobr.

370 2553 454 2608 28.
491 2553 675 2605 Decbr.

436 3084 624 3152 1403.

376 3276 424 3329 2.
464 3277 677 3328 Ianuar.

382 3705 431 3759 5.
469 3704 682 3756 Ianuar.

391 4133 437 4187 7.
473 4133 686 4185 Ianuar.

365 4747 445 4804 18.
481 4750 691 4802 Ianuar.

735 359 885 432 496
1886 352 2103 426 Kone
2161 353 2350 426 me
2399 341 2490 426 ar
2545 353 2917 426 Pomm.

734 630 927 691 monii
974 631 1135 690 inter
1178 628 1465 707 Ericum,
1522 645 1733 706 regem
1781 628 2027 706 Danioe,
2084 633 2151 690 et
2193 627 2571 708 philippam,
2629 627 2818 690 filiam
2863 629 3031 705 regis
3077 628 3336 706 Anglioe.
3383 663 3466 676 --
3521 629 3598 690 In
3639 633 3880 692 civitate
3923 629 4084 690 Ros-

734 730 1011 809 lcildensi,
1061 732 1121 791 in
1169 730 1329 793 sesto
1374 731 1435 792 b.
1486 731 1833 793 Kaiherinae
1880 731 2030 808 virg.

1352 832 1511 897 Royal
1544 832 1651 884 and
1685 832 1958 883 historica!
1995 832 2178 885 letters
2215 832 2406 897 during
2441 831 2533 884 tho
2569 835 2714 896 reign
2753 832 2810 882 01
2840 831 3012 896 fleury
3045 832 3136 884 the
3171 833 3352 886 fourth
3389 835 3442 886 S.
3462 833 3715 888 130—31.

1045 950 1261 1016 ·3802.
1352 951 1670 1031 Ηιςκιιιουε,
1719 951 2235 1032 archiepiscopus
2285 953 2670 1033 Upsalensis,
2716 952 2794 1014 ad
2838 952 3151 1015 Kanutum
3199 955 3568 1034 episcopum
3617 955 4086 1034 Lincopensem

738 1055 956 1116 scribit
1000 1054 1077 1116 de
1124 1055 1367 1133 injuriis
1413 1053 1683 1117 lohanui
1730 1057 2056 1118 Cristierni
2100 1056 2336 1133 allatis,
2392 1057 2556 1117 inter
2611 1072 2770 1133 quas
2826 1056 2970 1134 fuit,
3029 1056 3198 1134 quod
3243 1075 3356 1137 per
3399 1057 3720 1120 dominum
3769 1056 4086 1119 Abrabam

738 1156 1173 1232 (Brodersson)
1209 1163 1431 1237 captus
1456 1163 1517 1218 et
1540 1159 1729 1220 turris
1765 1158 2065 1222 custodiae
2101 1160 2494 1238 mancipatus
2519 1158 2654 1220 fuit.
2679 1191 2764 1204 --
2785 1159 2970 1237 Nom,
2995 1158 3260 1221 xxvul.
3289 1159 3388 1222 die
3411 1161 3650 1222 mensis
3673 1157 4084 1222 Nouembris.

1356 1255 1733 1325 Siliverstolpffi
1771 1261 1997 1312 svenskt
2032 1259 2372 1324 Diplomatar.
2409 1261 2446 1311 1.
2485 1259 2602 1314 186.

1048 1377 1264 1443 ’3803
1355 1377 1607 1442 Missus
1640 1381 1913 1444 Taenmns
1960 1399 2039 1456 og
2080 1381 2238 1442 hans
2275 1356 2857 1444 flustruiinunum
2891 1381 3438 1446 Anniussaenorrsa
3483 1383 3670 1459 saelge
3705 1381 3814 1444 Er.
3854 1381 4088 1443 Abram

741 1481 1184 1559 Brothersson,
1234 1482 1485 1561 Ridder,
1534 1497 1611 1544 en
1660 1484 1860 1546 Gaard
1905 1485 1922 1544 i
1973 1484 2387 1561 Skeggaelosae
2434 1483 2768 1560 (Skadoelof
2804 1485 2998 1564 Sogn‚
3045 1484 3414 1547 Kindoewatz
3460 1485 3694 1559 Herred
3741 1484 4088 1555 iVoerend)

740 1585 837 1645 for
880 1583 967 1648 20
1010 1584 1183 1646 Mark
1232 1587 1478 1648 svensk.
1526 1620 1611 1630 —-
1654 1587 1881 1666 Weaeio,
1936 1587 2091 1649 feria
2136 1590 2311 1647 sexta
2353 1603 2528 1666 prox.
2576 1593 2725 1668 post
2766 1588 2996 1651 festum
3041 1585 3104 1648 b.
3155 1586 3342 1649 Lucie
3391 1589 3540 1664 virg.
3589 1595 3654 1650 et
3695 1595 3874 1650 mart.
3923 1587 4088 1664 glor.

1358 1774 1739 1840 Sssfverstolpe..
1778 1774 2007 1825 Svenskt
2042 1773 2378 1839 Diplomatar.
2415 1774 2450 1824 1.
2491 1773 2743 1830 186—87.
3775 1691 4090 1766 (Svensk')

1052 1893 1266 1958 ’3804.
1361 1895 1612 1959 Cacum
1658 1895 2117 1958 Biennsnorrsn
2165 1895 2388 1973 saeiger
2430 1895 2538 1958 Hr.
2588 1896 2810 1958 Abram
2859 1895 3305 1974 Brothersson,
3356 1895 3608 1972 Ridder,
3655 1895 3740 1956 alt
3785 1897 3870 1956 sit
3915 1895 4092 1956 Gods

743 1999 761 2058 i
809 1997 1080 2076 Wesbo,
1138 1998 1235 2058 for
1290 1996 1421 2062 200
1472 1998 1645 2060 Mark
1706 1999 1953 2060 svensk.
2016 2032 2095 2043 —
2158 1999 2455 2078 Arias-aas,
2529 1997 2788 2060 sabbato
2844 2015 3018 2078 prox.
3077 2002 3222 2078 post
3279 2000 3504 2060 festum
3563 1997 3623 2060 b.
3682 1997 3874 2060 Lucie
3935 2000 4090 2074 virg.

746 2108 807 2164 et
852 2108 1029 2163 mart.
1078 2099 1235 2177 glor.
3782 2099 4094 2176 (Svensk.)

1361 2187 1740 2252 siliverstoipe,
1780 2186 2007 2238 Svenskt
2044 2187 2380 2252 Dipiomatar.
2419 2186 2454 2237 1.
2495 2185 2750 2240 189—90.

1081 2309 1271 2376 3099,
1363 2310 1745 2374 surverstolpe.
1785 2310 2015 2361 Svenskt
2048 2307 2384 2373 Dipiomatar.
2422 2307 2460 2358 1.
2498 2305 2752 2361 187—88.

1085 2429 1277 2495 3100,
1371 2430 1749 2494 Siliverstolpe,
1790 2428 2015 2480 Svenskt
2051 2427 2384 2490 Dipiomatar.
2423 2427 2460 2477 1.
2498 2425 2753 2480 188—89.

1053 2549 1272 2618 *3805
1364 2552 1577 2613 Abbed
1623 2551 1926 2613 Nicotaus
1974 2551 1992 2606 i
2029 2548 2186 2609 Sors
2236 2553 2598 2628 pantsaetter
2644 2548 2709 2607 til
2743 2547 2976 2626 Biskop
3013 2545 3211 2608 Peder
3246 2548 3266 2607 i
3303 2547 3600 2608 Roskilde
3647 2546 3730 2607 alt
3774 2545 3881 2608 det
3919 2546 4098 2608 Gods

748 2655 766 2714 i
814 2653 1159 2733 Baerstved,
1221 2670 1358 2715 som
1416 2670 1521 2715 var
1574 2654 1717 2713 ham
1781 2651 1907 2712 selv
1957 2657 2206 2730 pantsat
2256 2651 2321 2710 as
2361 2651 2478 2712 Fru
2527 2649 2825 2728 Gertrud,
2885 2649 2990 2711 Ην.
3041 2651 3184 2710 Erik
3228 2650 3653 2712 Barnemsens
3699 2649 3908 2727 Enke,
3971 2648 4101 2726 dog

748 2756 989 2820 hendes
1034 2758 1449 2834 Losningsret
1492 2754 1867 2818 forbeholdt.
1922 2789 1994 2798 ---
2048 2755 2158 2814 Die
2204 2752 2527 2816 beatorum
2577 2753 3030 2814 innocentium.

1366 2857 1482 2910 Udi..
1522 2861 1539 2910 1
1573 2857 1782 2909 Danske
1818 2857 2047 2920 Magazin
2088 2855 2167 2906 lv.
2203 2855 2321 2910 360.

2306 3084 2559 3166 1403.

1062 3271 1278 3338 *3800
1369 3271 1621 3334 Paernna
1664 3269 2005 3333 anrsson
2049 3271 2067 3329 i
2116 3269 2242 3328 Asa
2286 3268 2510 3343 saelger
2552 3267 2660 3328 Hr.
2711 3265 2935 3328 Abram
2981 3267 3444 3347 (Brotherson),
3505 3269 3768 3349 Ridder,
3827 3285 3906 3330 en
3955 3267 4104 3328 halv

756 3375 955 3437 Gaard
1021 3378 1036 3434 i
1098 3373 1603 3454 Bywermaeshult
1669 3376 1686 3433 i
1745 3371 2204 3451 Agundarydha
2261 3373 2429 3447 Sogn
2499 3371 2514 3430 i
2580 3368 2899 3446 Synderbo
2969 3377 3129 3432 samt
3185 3371 3296 3432 Del
3367 3375 3384 3430 i
3453 3379 3516 3433 et
3574 3372 3929 3434 Aalefiskeri
3999 3372 4106 3431 sor

754 3478 882 3542 200
928 3479 1119 3540 Mark.
1172 3512 1245 3522 —
1299 3477 1446 3554 My,
1496 3478 1772 3537 crastino
1819 3477 1917 3538 die
1966 3475 2468 3536 circumcisionis
2518 3473 2787 3535 Domini.
3787 3473 4106 3549 (Svensk.)

1372 3577 1752 3641 snrverstoipe,
1790 3577 2017 3629 Svenskt
2054 3577 2388 3642 Diplomatar.
2430 3576 2466 3626 1.
2503 3575 2793 3629 203-204.

1061 3699 1279 3765 1’380’”Ι.
1370 3701 1673 3763 Ioannes
1740 3698 1955 3778 ΡΑυιι,
2035 3697 2516 3760 archidiaconus
2586 3698 2870 3758 ecclesiae
2939 3696 3326 3772 Lundensis,
3397 3702 3740 3758 commutat
3800 3695 3964 3756 bona
4037 3695 4108 3754 in

755 3803 1165 3880 Naeweshegh
1237 3805 1295 3864 in
1356 3802 1801 3880 Barebaeraeth,
1870 3801 1947 3863 ad
2013 3801 2205 3862 altare
2276 3819 2456 3863 suum
2521 3802 2900 3880 spectantia,
2969 3817 3084 3880 pro
3144 3798 3328 3861 bonis
3389 3800 3712 3861 Laurencii
3768 3796 4108 3874 lobannis,

757 3907 978 3968 decani
1002 3906 1461 3985 Roskildensis,
1499 3909 1561 3967 in
1586 3904 2108 3982 Thorebyaerghe‚
2149 3903 2428 3984 ejusdem
2467 3903 2802 3983 parochiae,
2843 3905 3001 3963 sitiS.
3031 3937 3110 3945 —
3137 3901 3202 3962 ln
3230 3903 3434 3977 vigilia
3469 3903 3799 3981 epiphanie
3821 3899 4109 3960 Domini.

1370 4007 1751 4070 sustentem
1790 4005 2021 4057 Svenskt
2054 4005 2389 4070 Diplomatar.
2425 4005 2461 4055 1.
2501 4004 2792 4058 204-205.

1069 4127 1283 4194 ’3808
1374 4128 1677 4191 Nicotaus
1744 4128 1967 4190 ΚΑκυτι
2049 4127 2122 4188 de
2194 4124 2740 4203 Wicesalberghe,
2818 4125 3115 4187 Hsunwus
3183 4124 3327 4187 Pau>
3409 4130 3472 4186 et
3536 4123 3838 4188 Nicotaus
3903 4123 4112 4200 Emer,

760 4234 1071 4312 armigeri,
1120 4239 1335 4293 notum
1384 4231 1642 4309 faciunt,
1692 4249 1761 4292 se
1806 4229 2086 4292 Thaconi
2132 4231 2440 4307 LawoniS,
2489 4229 2820 4307 armigero,
2868 4227 3132 4288 dominae
3182 4227 3496 4306 lngefridi,
3543 4228 3722 4290 matri
3761 4225 4114 4302 ThaconiS,

761 4342 822 4397 et
883 4335 1207 4397 sororibus
1270 4337 1407 4413 ejus
1477 4335 1689 4395 omnia
1754 4333 1919 4395 bona
1980 4335 2041 4394 in
2101 4333 2481 4413 Sliperslsff,
2554 4331 2891 4393 Berneholt
2946 4339 3007 4391 et
3062 4330 3510 4410 Jsgranathorp
3578 4332 3966 4408 resignasse,
4041 4330 4112 4388 in

762 4453 1237 4517 recompensam
1294 4436 1637 4514 bonorum,
1699 4454 1833 4514 quae
1880 4435 2101 4498 Ericus
2147 4435 2556 4514 Meyniksson
2615 4436 2675 4495 in
2735 4435 2963 4496 tutoria
3017 4435 3195 4495 dictae
3254 4433 3520 4495 dominae
3567 4431 3892 4510 lngefridis
3943 4429 4112 4490 sub-

762 4540 998 4601 levavit.
1050 4575 1130 4584 —
1181 4540 1323 4619 ipso
1371 4538 1469 4599 die
1513 4537 1575 4599 b.
1625 4538 1849 4601 Kanuti
1895 4538 2075 4602 ducis
2122 4544 2185 4600 et
2227 4544 2408 4600 mart.
2456 4540 2613 4615 glor.

1378 4639 1755 4707 siliverstolpe,
1793 4641 2021 4694 Svenskt
2059 4640 2397 4704 mplomatar.
2434 4640 2470 4690 1.
2505 4639 2621 4693 205.

1072 4743 1289 4810 *3809.
1380 4742 1749 4808 Busmcrus
1805 4744 2136 4824 Ami-un,
2195 4745 2497 4824 armiger,
2556 4742 2989 4825 recognoscit,
3049 4759 3116 4804 se
3173 4741 3302 4808 600
3356 4759 3599 4804 marcas
3657 4739 4015 4803 lubicenses
4079 4758 4120 4801 a

765 4851 1021 4912 domino
1064 4849 1248 4910 Petro
1307 4850 1608 4927 episcopo
1669 4847 2068 4909 Roskildensi
2125 4849 2258 4909 vice
2317 4846 2679 4924 Margaretae
2741 4847 2969 4922 reginoe
3029 4845 3412 4908 sublevasse.
3465 4879 3548 4890 -
3602 4843 3893 4920 Goldiny,
3953 4842 4121 4904 feria

766 4953 982 5030 quinta
1026 4957 1167 5013 ante
1214 4951 1441 5012 festum
1492 4956 1691 5012 sanct.
1738 4957 1917 5012 mart.
1967 4949 2218 5013 Fabiani
2265 4957 2328 5011 et
2372 4949 2742 5011 Sebastiani.

1382 5051 1605 5114 Barnor,
1652 5053 1792 5105 Fam.
1832 5051 2232 5104 Rosenkrantn's
2277 5053 2408 5106 mat.
2457 5051 2502 5112 1,
2551 5051 2771 5116 mpiom.
2816 5051 2867 5101 S.
2897 5049 2980 5104 47.
3061 5049 3177 5102 Udi.
3221 5064 3320 5115 pas
3356 5051 3532 5102 Dansk
3575 5055 3594 5103 i
3633 5051 3839 5104 Banake
3873 5051 4120 5115 &guin

1382 5138 1462 5190 lv.
1498 5139 1605 5194 860
1639 5139 1757 5204 (ber
1790 5139 1915 5192 med
1949 5142 2170 5204 nrissusst
2203 5139 2431 5205 Datum).
