4275 5759
1391 407 1607 482 Kone
1659 408 1854 481 Eam
1904 405 2244 481 MENVED.
3330 411 3475 485 113

492 682 672 747 *65⁷.
764 684 1017 748 Nicomn
1066 684 1229 762 (lvo)
1274 701 1451 765 papas
1509 684 1727 745 litteroe
1778 681 1857 746 a'd
1900 684 2251 746 Johannem
2296 683 2838 765 archiepiscopum
2883 683 3313 764 Lundensem‚
3375 687 3479 764 qui

204 783 666 866 archiepiscopus
712 802 826 865 per
868 787 1027 848 viam
1076 789 1516 866 compromissi
1565 787 1804 849 electus
1852 789 1995 865 jure
2057 803 2175 848 suo
2223 786 2412 849 libere
2458 789 2824 867 resignavit;
2882 804 3044 866 papa
3090 806 3229 850 eum
3277 786 3478 850 eidem

204 887 439 948 ecclesiae
512 888 830 949 Lundensi
908 889 1450 969 archiepiscopum
1530 889 1809 968 praeficit.
1876 922 1963 934 —-
2026 888 2206 950 Rome
2279 891 2447 968 apud
2521 896 2786 950 sanctam
2851 891 3112 952 Mariam
3177 891 3479 969 Major-em,

202 989 315 1050 xv:
343 990 569 1052 kalend.
617 991 870 1070 Aprilis,
919 991 1141 1071 pontif.
1188 1007 1354 1053 anno
1401 991 1604 1053 tertio.

763 1094 898 1144 Ann.
935 1093 1015 1145 tor
1050 1092 1201 1144 nord.
1239 1092 1385 1144 Oldk.
1422 1093 1561 1148 1860
1594 1093 1647 1146 S.
1684 1092 1905 1148 93—94.
1976 1093 2197 1146 oversat
2229 1107 2328 1159 pas
2363 1094 2544 1168 Dansk.
2575 1093 2734 1146 sstds.
2771 1095 2825 1146 S.
2861 1093 3078 1148 95—96.

500 1213 675 1280 *658
764 1215 1019 1279 Nucem
1082 1214 1243 1290 (thi)
1303 1231 1479 1294 papae
1547 1213 1937 1276 confirmatio
2004 1215 2340 1277 creationis
2398 1233 2508 1276 sex
2563 1214 3032 1294 praebendarum
3090 1217 3153 1277 in
3212 1217 3480 1277 ecclesia

204 1315 555 1378 Roskildensi
622 1317 699 1378 ab
767 1318 1051 1379 Iohanne
1120 1318 1598 1397 archiepiscopo
1666 1317 1983 1378 Lundensi
2048 1317 2248 1379 factm.
2307 1351 2390 1362 —
2448 1317 2622 1378 Rome
2685 1319 2854 1396 apud
2905 1324 3168 1379 sanctam
3221 1319 3478 1379 Mariam

202 1421 454 1498 MaJorem,
496 1419 623 1482 Xll.
674 1420 755 1480 kl.
802 1420 1053 1499 Aprilis,
1100 1418 1501 1499 pontificatus
1546 1421 1747 1481 nostri
1790 1435 1956 1482 anno
2001 1421 2206 1482 tertio.

765 1523 837 1586 Ny
873 1521 1141 1572 kirkehist.
1182 1520 1477 1584 Samnnger
1512 1519 1593 1571 111.
1630 1518 1885 1574 388—89.

498 1640 675 1705 *659.
764 1641 932 1702 Emer
998 1641 1320 1702 Danorum
1392 1641 1835 1720 Slavorumque
1903 1643 2070 1719 regis
2139 1640 2443 1721 diploma,
2513 1659 2636 1720 quo
2706 1642 2942 1704 civibus
3011 1641 3088 1704 de
3150 1641 3481 1704 Wismaria

208 1743 501 1822 libertates,
550 1742 775 1822 quibus
821 1749 1101 1823 tempore
1136 1743 1511 1806 Waldemari
1558 1740 1724 1820 regis
1769 1745 2159 1821 naufragium
2198 1745 2505 1822 patientes
2549 1746 2647 1806 usi
2695 1750 2860 1824 sunt,
2909 1744 3236 1806 confirmat
3279 1746 3480 1822 iisque

208 1847 573 1924 patrocinium
624 1852 841 1907 contra
884 1846 1242 1923 advocatos,
1292 1846 1396 1922 qui
1442 1849 1519 1906 iis
1555 1848 1885 1926 pecuniam
1923 1851 2290 1924 extorquere
2327 1854 2653 1926 conantur,
2699 1848 3022 1928 promittit.
3058 1883 3144 1893 —
3175 1847 3478 1925 Nybor9h‚

202 1955 375 2024 quarta
414 1949 567 2010 feria
608 1955 751 2009 ante
800 1948 1174 2010 dominicam
1221 1947 1591 2010 Palmarum.

760 2049 1273 2115 Meklenburglsches
1309 2049 1647 2101 Urkundenb.
1686 2049 1769 2101 111.
1805 2049 2061 2105 375-76.

499 2171 675 2236 *660.
768 2171 1069 2234 Nicotaus
1117 2169 1326 2246 (thusl
1378 2187 1537 2250 papa
1582 2171 1850 2232 Johanni
1896 2170 2374 2250 archiepiscopo
2419 2153 2738 2234 Lundensi
2784 2174 3054 2252 mandat,
3101 2178 3172 2235 ut
3215 2173 3480 2236 clericos

204 2279 249 2333 et
280 2274 581 2352 mulieres,
640 2275 704 2335 in
749 2274 1130 2336 monasteria
1172 2273 1447 2335 diocesis
1498 2291 1624 2334 suae
1671 2275 1816 2335 vitio
1864 2274 2161 2352 symoniae
2207 2271 2516 2336 mediante
2560 2275 2917 2352 ingressos,
2975 2276 3054 2337 ad
3097 2275 3216 2337 alia
3259 2291 3478 2336 mona-

206 2377 355 2438 steria
394 2376 709 2438 transferri
754 2382 1049 2456 procuret
1089 2377 1184 2438 vel
1219 2377 1284 2437 in
1318 2377 1589 2456 propriis
1624 2375 1700 2437 de
1736 2392 1899 2437 novo
1934 2377 2129 2455 recipi
2174 2376 2378 2454 faciat,
2426 2377 2658 2439 ultimis
2694 2377 2850 2440 locis
2889 2380 2966 2440 iis
3001 2381 3358 2457 assignatis.
3400 2411 3480 2422 ——-

204 2487 345 2561 Apud
380 2492 634 2546 sanctam
681 2482 935 2542 Mariam
980 2479 1277 2556 quorem,
1328 2479 1399 2541 X.
1448 2479 1528 2540 kl.
1579 2479 1826 2559 Aprilis,
1872 2477 2273 2558 pontificatus
2319 2481 2522 2541 nostri
2563 2496 2730 2543 anno
2775 2479 2872 2544 111.

759 2584 835 2648 Ny
870 2581 1137 2633 kirkehist.
1175 2580 1471 2644 Samllngsr
1506 2581 1589 2632 111.
1624 2579 1881 2636 389—90.

498 2706 673 2773 *661.
764 2704 1067 2766 Nirouus
1115 2702 1325 2778 (thus)
1374 2718 1533 2781 papa
1576 2701 1848 2764 Johanni
1892 2701 2371 2782 archiepiscopo
2417 2702 2738 2765 Lundensi
2781 2704 3050 2781 mandat,
3112 2711 3182 2766 ut
3224 2703 3480 2768 abbates

204 2811 669 2872 monasteriorum
706 2807 981 2868 diocesis
1021 2821 1170 2885 suae,
1217 2805 1344 2865 vitii
1381 2805 1676 2883 symoniae
1712 2822 1879 2883 reos,
1927 2805 2219 2881 corrigat.
2259 2839 2338 2850 —
2376 2807 2553 2884 Apud
2587 2811 2852 2867 sanctam
2888 2807 3143 2868 Mariam
3177 2809 3480 2884 Major-em,

202 2909 259 2970 X.
295 2911 365 2974 kl.
404 2913 647 2994 Aprilis,
694 2907 1095 2990 pontificatus
1139 2909 1343 2969 nostri
1386 2924 1552 2969 anno
1597 2905 1699 2968 111.

762 3010 970 3063 Brudst.
1008 3011 1027 3060 i
1062 3009 1137 3074 Ny
1170 3009 1440 3062 kirkehlst.
1482 3009 1775 3073 Samlinger
1811 3009 1896 3062 111.
1932 3009 2050 3064 390.

498 3133 673 3200 *662
764 3133 978 3210 Eoum)
1024 3130 1343 3192 Danorum
1391 3130 1873 3208 sclavorumque
1918 3131 2084 3208 regis
2131 3129 2438 3210 diploma,
2488 3146 2611 3208 quo
2657 3132 2990 3212 promittit,
3050 3150 3119 3194 se
3165 3135 3227 3196 in
3274 3137 3479 3215 parla-

209 3244 375 3300 mento
402 3240 676 3318 proximo
713 3238 883 3299 circa
915 3235 1143 3296 festum
1178 3233 1342 3294 beati
1367 3233 1691 3294 Michaelis
1726 3232 2099 3296 celebrando
2126 3233 2397 3294 Henrico
2433 3233 2507 3295 de
2531 3232 2716 3296 Verle
2749 3233 2914 3296 mille
2951 3251 3194 3298 marcas
3219 3241 3480 3316 argenti,

212 3337 359 3400 Claus
398 3340 467 3402 de
503 3340 774 3402 Winden
821 3339 1002 3400 etiam
1049 3334 1217 3397 mille
1263 3352 1506 3397 marcas
1553 3337 1814 3412 argenti,
1864 3335 2051 3397 Claus
2088 3336 2166 3397 de
2201 3335 2489 3396 Rosthok
2536 3338 2908 3413 quingentas
2953 3355 3196 3401 marcas
3244 3346 3482 3420 argenti

212 3441 259 3498 in
292 3440 451 3504 bonis
497 3445 621 3506 sive
666 3443 853 3505 terris
898 3442 963 3500 in
1010 3439 1253 3517 Scania,
1302 3437 1633 3500 Siallandia
1676 3445 1783 3500 aut
1814 3438 2044 3500 Feonia
2082 3438 2219 3500 sitis
2253 3439 2714 3515 assignaturum
2751 3457 2917 3519 esse,
2964 3440 3068 3502 illa
3101 3443 3457 3507 conditione

212 3550 261 3602 ut
286 3543 781 3623 Norwegensibus
828 3545 955 3606 sive
993 3539 1373 3621 quibuslibet
1405 3541 1541 3602 aliis
1580 3545 1800 3602 contra
1834 3558 1903 3602 se
1942 3541 2179 3603 nullum
2216 3541 2509 3603 auxilium
2546 3547 2867 3621 praestent.
2903 3577 2989 3588 —
3021 3543 3460 3626 Belsinyburqlr

208 3646 257 3704 in
290 3647 373 3709 die
410 3647 467 3709 b.
514 3649 707 3712 Marie
754 3645 1143 3723 Magdalene.

763 3746 1275 3812 Meklenburgisches
1310 3743 1649 3797 Urkundenb.
1687 3743 1771 3796 111.
1806 3745 1925 3799 388.

3465 3494 3480 3526 2

3465 3596 3480 3628 2

500 3869 675 3935 *663.
765 3871 1053 3933 JonAnms
1122 3868 1198 3930 de
1265 3868 1654 3930 Hannsstsun
1733 3872 1794 3928 et
1859 3866 2179 3928 Rmumm
2243 3865 2628 3930 Moannwscn
2707 3867 2786 3930 ad
2852 3870 3148 3932 consules
3219 3874 3478 3935 civitatis

212 3969 526 4036 Luhicensis
580 3975 797 4035 litterar
857 3972 931 4035 de
990 3987 1235 4034 summa
1288 3969 1570 4049 pecuniae
1628 3971 1690 4030 in
1746 3967 1997 4031 Lubeke
2058 3969 2373 4032 solvenda.
2433 4003 2512 4014 —
2571 3969 2684 4031 Die
2742 3970 2802 4031 b.
2861 3970 3026 4034 Petri
3080 3973 3157 4035 ad
3210 3976 3478 4051 vincula,

206 4089 310 4136 sme
346 4093 519 4138 anno.

760 4175 1099 4229 urkundenb.
1137 4173 1187 4225 d.
1226 4173 1377 4226 stadt
1410 4173 1623 4225 Lubsck
1656 4173 1692 4224 1.
1728 4171 2018 4228 504-505.

499 4282 677 4349 *664.
766 4281 1069 4344 Nicomus
1117 4278 1326 4354 (thus)
1374 4294 1554 4358 papa,
1602 4277 1893 4357 precibus
1942 4278 2107 4356 regis
2153 4277 2491 4356 Norwegiae
2539 4285 2914 4355 commotus,
2968 4281 3267 4363 episcopo
3317 4289 3473 4347 Aru-

204 4384 362 4446 siensi
402 4385 666 4466 mandat,
712 4392 781 4448 ut
826 4401 970 4446 cum
1006 4383 1290 4445 Iohanne
1337 4381 1503 4444 dicto
1541 4380 1717 4453 Esre,
1764 4379 1955 4442 nobili
1990 4383 2143 4461 viro,
2191 4387 2253 4442 et
2285 4383 2457 4461 lnga,
2503 4382 2628 4443 fllia
2668 4383 2902 4444 sororis
2940 4383 3162 4461 Stigoti
3194 4388 3474 4466 Andreae,

202 4485 497 4567 dispenset,
544 4495 613 4552 ut
656 4487 1118 4549 matrimonium
1164 4485 1241 4546 ad
1288 4483 1597 4546 sedandas
1632 4483 1986 4545 inimicitias
2022 4483 2353 4546 familiares
2389 4485 2758 4548 contrahere
2793 4486 3056 4565 valeant,
3105 4505 3474 4568 quamquam

202 4587 369 4653 dictus
409 4594 723 4655 Iohannes
770 4591 945 4670 prius
996 4588 1185 4650 filiam
1232 4587 1453 4663 Stigoti
1499 4586 1792 4665 Andreae,
1850 4603 2017 4649 nunc
2065 4584 2385 4667 denatam,
2445 4603 2743 4666 sponsam
2798 4591 3124 4669 pepigerit.
3173 4625 3253 4638 -—
3297 4595 3475 4672 Apud

202 4691 627 4774 Crbemveterem,
674 4695 756 4755 kl.
807 4693 1000 4772 Sept.‚
1046 4689 1447 4772 pontificatus
1493 4690 1692 4751 nostri
1737 4705 1901 4751 anno
1946 4692 2152 4752 tertio.

762 4797 838 4860 Ny
873 4793 1143 4846 kirkebist.
1182 4793 1477 4857 Samllnger
1512 4792 1595 4844 lll.
1631 4790 1886 4846 390—91.
1957 4791 2291 4855 Dlplomatar.
2330 4791 2546 4856 Norveg.
2583 4792 2662 4844 vl.
2697 4792 2917 4847 50-51.

3605 579 3790 646 1290.

3549 683 3632 738 18.
3670 686 3851 737 marm.

3548 1215 3629 1269 21.
3669 1216 3852 1268 Martii.

3549 1643 3632 1697 22.
3669 1644 3852 1696 Martii.

3551 2173 3632 2228 23.
3671 2176 3854 2228 merul.

3550 2705 3634 2761 23.
3673 2707 3855 2759 Martii.

3550 3135 3634 3189 22.
3671 3135 3813 3187 «lulli.

3551 3872 3597 3927 1.
3635 3874 3876 3938 Augusti.

3546 4284 3592 4336 1.
3631 4284 3832 4348 Septbr.

500 4899 675 4966 *665.
762 4899 983 4961 Enrcos
1018 4897 1336 4960 Danorum
1378 4897 1821 4973 Slavorumque
1869 4913 1974 4957 rex
2020 4896 2353 4958 conventui
2390 4897 2829 4959 Cisterciensis
2877 4899 3110 4961 ordinis
3158 4899 3234 4961 de
3272 4901 3470 4962 Goth·
3539 4897 3622 4951 20·
3661 4900 3866 4964 Septbr.

202 4999 327 5060 valia
364 5003 423 5063 in
462 5003 719 5067 Estonia
760 5003 1078 5081 privilegia
1123 5001 1385 5063 confert.
1434 5035 1513 5046 —
1561 5001 1811 5077 Laudis,
1859 5000 1920 5058 in
1966 4999 2174 5076 vigilia
2215 4999 2276 5060 b.
2325 4999 2574 5062 Mathoei
2617 5001 2905 5079 apostoli.

764 5106 971 5168 Bunge,
1018 5103 1179 5162 Liv.—,
1222 5101 1393 5154 Esth.-
1430 5115 1482 5153 u.
1522 5101 1929 5154 Curiandisehes
1964 5101 2302 5153 urkundenb.
2357 5101 2394 5153 1.
2431 5101 2548 5156 669.
2628 5102 2754 5154 lvfr.
2802 5103 2959 5154 sstds.
3008 5103 3089 5162 Vl,
3134 5101 3256 5167 neg.
3296 5105 3347 5156 S.
3383 5104 3466 5157 27.
3532 5067 3541 5078 '

762 5189 933 5255 'rydsk
968 5189 1149 5242 overs.
1186 5192 1205 5240 i
1238 5189 1421 5254 Bunge
1456 5202 1509 5240 u.
1545 5188 1675 5248 Toll,
1714 5187 1851 5238 Est·
1888 5201 1939 5239 n.
1984 5187 2350 5240 lelandssche
2385 5187 2637 5240 Briessade
2670 5189 2707 5242 1.
2743 5187 2964 5242 28-24.

284 5307 462 5374 Regest.
497 5311 621 5363 Dan.
659 5311 718 5362 ΙΙ.
756 5313 867 5362 Ser.
905 5310 942 5361 1.
2995 5307 3062 5363 15
