4275 5759
1262 362 1481 437 Kone
1532 362 1931 437 VALnnmn
1988 365 2385 438 Amnum.
3341 370 3487 443 267

1708 643 1959 781 1344.
3617 638 3802 705 1344.

478 826 693 891 *1886.
782 825 1187 898 Masonsnnus
1203 825 1525 889 Roasmnn
1554 826 1735 888 miles
1760 831 2182 908 recognoscit,
2211 847 2278 891 se
2304 832 2628 909 primarias
2652 829 2818 891 mille
2843 844 3083 890 marcas
3097 828 3490 891 denariorum
3563 828 3609 879 7.
3646 828 3858 879 ianuar.

214 930 281 991 de
318 930 495 993 tribus
529 929 805 991 millibus
850 930 1077 990 marcis
1122 945 1237 1008 pro
1284 929 1710 1009 redemptione
1756 932 1945 993 castri
1982 930 2376 995 Swauestede
2417 933 2731 995 solvendis
2777 932 2852 993 ab
2891 931 3144 993 Hinrico
3192 932 3490 1010 episcopo

213 1032 564 1094 sleswicensi
606 1032 952 1111 accepisse.
1002 1066 1081 1075 —
1127 1030 1344 1091 Coram
1386 1030 1722 1091 carnalibus
1766 1032 2268 1112 (Lubicensibus),
2315 1036 2379 1095 in
2426 1038 2699 1097 crastino
2749 1033 3137 1114 ephyphanie
3183 1032 3452 1095 Domini.

781 1132 1120 1185 urkundenb.
1160 1130 1208 1183 d.
1248 1132 1397 1184 stadt
1430 1132 1643 1183 Lubeck
1676 1132 1733 1183 11.
1773 1132 1887 1187 738.

474 1244 711 1336 *1887ss
780 1268 962 1348 Kong
1010 1270 1259 1333 Misenus
1314 1270 1381 1331 af
1428 1270 1671 1347 Norge‚
1730 1270 1977 1349 Sverige
2036 1290 2116 1349 og
2180 1272 2454 1335 Skaanes
2511 1272 2876 1351 Retterbod,
2909 1290 3011 1334 om
3069 1271 3491 1335 udenlandske
3563 1273 3644 1327 13.
3681 1274 3894 1329 ianuar.

209 1372 657 1435 Haandvaerkere
703 1390 783 1451 og
830 1371 1195 1451 Kjebmaend
1240 1374 1261 1432 i
1303 1371 1569 1449 Bergen.
1616 1406 1701 1419 —
1752 1372 2049 1455 Varberyi,
2100 1375 2439 1440 thiuannde
2498 1376 2617 1455 dag
2655 1375 2808 1457 julle
2853 1392 2928 1437 aa
2970 1374 3140 1437 fimta
3182 1391 3324 1435 aare
3371 1374 3492 1436 och

212 1475 521 1554 thuittugge
567 1477 777 1538 riickis
822 1490 1019 1538 vaars.
3222 1475 3492 1553 (Norsk.)

783 1578 971 1643 [πεοι-
1006 1590 1070 1641 og
1108 1575 1315 1635 munch.
1353 1576 1550 1641 Norges
1586 1574 1758 1641 garnie
1792 1576 1933 1629 Love
1966 1578 2049 1629 ΠΙ.
2087 1577 2338 1633 163-64.

476 1712 697 1779 *1888.
786 1712 1083 1777 Busan-us
1120 1714 1335 1776 dictus
1383 1712 1617 1792 Swoar,
1663 1712 1973 1779 NrcnoLAs
2010 1715 2179 1778 Dan„
2227 1724 2288 1778 et
2331 1716 2456 1780 duo
2503 1716 2606 1779 alii
2651 1716 2990 1797 declarant,
3038 1734 3106 1778 se
3155 1734 3226 1777 ex
3273 1716 3492 1778 litteris
3564 1718 3648 1772 25.
3685 1719 3898 1773 ianuar.

209 1814 545 1879 waldemari
589 1819 757 1895 regis
808 1817 1055 1880 Petrum
1098 1815 1507 1879 Waendelboo
1554 1818 1617 1878 in
1664 1817 2049 1897 corporalem
2103 1821 2578 1897 possessionem
2623 1818 2934 1881 bonorum
2990 1820 3054 1880 in
3100 1819 3492 1899 Karraethorp

204 1919 256 1977 in
293 1916 769 1999 Hymmoersyzael
828 1920 1120 1999 sitorum,
1181 1921 1238 1981 ei
1294 1914 1575 1996 legaliter
1630 1924 2012 1983 sectatorum
2070 1926 2131 1981 et
2176 1921 2702 2000 adjudicatorum,
2762 1922 3200 2007 introduxisse.
3248 1956 3330 1967 —
3374 1921 3491 1983 Die

206 2022 599 2084 conversionis
644 2040 699 2084 s.
745 2023 937 2085 Pauli.

780 2124 839 2177 Η.
873 2126 1089 2184 Hauon,
1124 2123 1237 2175 Den
1274 2123 1471 2175 danskc
1506 2124 1773 2177 Panterets
1808 2124 1939 2177 fflst.
1976 2126 2029 2176 S.
2058 2125 2312 2181 463-64.

472 2260 693 2327 *1889.
784 2261 1280 2337 ctzuunsivnus)
1295 2260 1740 2341 papaMattheo
1756 2260 1921 2325 Petri
1937 2265 2368 2325 canonicatum
2386 2260 3486 2344 Roskildensem,perpromotionem
3559 2266 3607 2320 6.
3647 2266 3792 2317 Febr.

204 2361 339 2423 Petri
370 2362 445 2425 ad
476 2364 1021 2445 archiepiscopum
1048 2364 1442 2428 Lundensem
1482 2364 1643 2443 apud
1680 2364 1891 2427 sedem
1922 2366 2328 2447 apostolicam
2357 2369 2697 2446 vacantem,
2733 2366 3230 2428 consideratione
3255 2365 3486 2445 Magni,

204 2468 345 2542 regis
384 2467 617 2529 Swetioe
662 2474 725 2529 et
767 2450 1139 2545 Norwegiae,
1200 2466 1471 2543 confert,
1532 2482 1903 2545 quamquam
1959 2468 2382 2548 parochialem
2427 2469 2756 2531 ecclesiam
2802 2468 3092 2546 Brundby
3138 2468 3489 2530 Lundensis

203 2568 443 2631 diocesis
476 2576 539 2633 et
570 2576 935 2650 perpetuam
969 2572 1257 2631 vicariam
1290 2570 1354 2630 in
1389 2570 1659 2631 ecclesia
1680 2569 1997 2633 Lundensi
2035 2570 2330 2634 obtineat.
2357 2604 2440 2616 ——
2468 2571 2775 2651 Avinione,
2816 2570 2969 2632 Vlll.
2998 2570 3138 2633 idus
3173 2570 3486 2651 Februar.,

202 2671 567 2747 pontificatus
611 2674 811 2734 nostri
855 2690 1019 2735 anno
1067 2672 1369 2734 secundo.

780 2775 855 2839 Ny
888 2774 1155 2827 kirkchlst.
1193 2774 1487 2838 Samlinger
1521 2774 1603 2824 lv.
1638 2773 1891 2828 561—62.

473 2909 694 2977 *189st
786 2911 1057 2974 Caunus
1127 2910 1335 2986 (Vltus)
1401 2926 1563 2991 papa
1640 2911 2117 2991 archiepiscopo
2185 2912 2502 2974 Lundensi
2569 2920 2631 2975 et
2694 2913 2932 2975 decano
3000 2918 3061 2975 et
3123 2911 3485 2976 Benechino
3553 2914 3604 2969 6.
3643 2914 3788 2967 Febr.

198 3012 763 3077 ilenrici‘canonico
798 3014 1081 3076 ecclesioe
1117 3012 1469 3076 Lundensis
1508 3014 1779 3093 mandat,
1816 3020 1885 3076 ut
1916 3014 2258 3078 Mattheum
2295 3014 2457 3076 Petri
2491 3018 2552 3077 in
2589 3016 3062 3095 possessionem
3099 3015 3485 3094 corporalem

200 3117 577 3179 canonicatus
622 3116 1059 3179 Roskildensis
1102 3118 1379 3179 vacantis
1422 3116 1739 3179 inducant.
1788 3150 1869 3165 --
1912 3118 2240 3195 Avinione,
2301 3116 2455 3180 Vlll.
2513 3118 2653 3181 idus
2698 3117 3024 3197 Februar.,
3085 3116 3484 3196 pontificatus

196 3220 376 3279 nostri
416 3235 579 3281 anno
624 3217 925 3282 secundo.

780 3321 855 3385 Ny
888 3320 1156 3373 kirkehlst.
1194 3321 1488 3385 Samlinger
1522 3320 1602 3371 IV.
1638 3320 1755 3375 563.

471 3456 690 3522 *1891.
779 3458 1185 3530 Msnousnnns
1259 3457 1579 3521 Rosciana
1658 3458 1838 3520 miles
1919 3460 2352 3537 recognoscit,
2434 3460 2744 3522 secundas
2823 3459 2990 3520 mille
3068 3476 3308 3521 marcas
3368 3477 3481 3539 pro
3554 3462 3635 3515 10.
3673 3461 3818 3512 Febr.

194 3558 593 3640 redemptione
634 3562 821 3623 castri
859 3560 1248 3623 Swauestede
1284 3560 1613 3623 solvendas
1650 3560 1943 3624 Woldero
1979 3560 2170 3625 Bocle
2205 3579 2321 3625 suo
2360 3564 2614 3625 nomine
2653 3563 2728 3624 ab
2765 3562 3064 3643 episcopo
3091 3562 3483 3624 Sleswicensi
3551 3596 3564 3609 ·

195 3678 323 3724 esse
362 3663 729 3742 pei-solutas.
777 3694 859 3707 --
903 3662 1119 3723 Coram
1162 3662 1496 3723 considibus
1542 3663 2043 3743 (Lubicemibm),
2092 3664 2434 3727 Scolastice
2480 3666 2756 3742 virginis.

780 3764 1117 3819 Urkundenb.
1155 3765 1204 3816 d.
1242 3765 1392 3817 Stadt
1424 3764 1639 3818 Lubeck
1672 3766 1731 3817 ΙΙ.
1768 3766 1883 3820 739.

470 3884 690 3951 *1892
781 3884 1239 3961 Wuwsmaus)
1307 3886 1622 3949 Danorum
1694 3886 2182 3963 Sclauorumque
2250 3903 2356 3948 rex
2423 3886 2725 3967 declarat,
2805 3886 3050 3949 Petrum
3118 3886 3484 3949 Waendelbo
3553 3888 3635 3942 21.
3675 3888 3822 3943 Febr.

194 3986 424 4048 militem
468 3990 532 4048 in
584 3987 809 4067 placito
858 4004 974 4049 suo
1022 3990 1358 4067 justitiario
1405 3988 1672 4050 Iohanni
1719 3988 1879 4049 Kaas
1940 3987 2061 4051 188
2118 4005 2358 4049 marcas
2417 3988 2806 4051 denariorum
2867 4006 3269 4068 capreorum,
3329 4006 3483 4067 quas

194 4088 447 4153 Andreas
500 4091 871 4171 Augysson,
930 4092 1031 4155 cui
1086 4090 1290 4153 dictus
1348 4090 1565 4153 Petrus
1623 4092 1786 4153 hanc
1845 4107 2153 4153 summam
2213 4091 2455 4171 debuit,
2525 4092 2691 4153 dicto
2747 4092 3017 4153 Iohanni
3073 4090 3482 4154 sublevandas

194 4190 517 4272 dimiserat,
580 4198 641 4255 et
698 4192 779 4256 12
824 4208 1064 4255 marcas
1122 4196 1259 4271 puri
1316 4196 1587 4273 argenti,
1646 4209 1761 4273 pro
1822 4193 2048 4272 quibus
2100 4192 2269 4255 bona
2322 4197 2388 4255 in
2433 4194 2739 4275 Karthorp
2799 4196 2917 4256 sita
2972 4195 3172 4257 eidem
3215 4194 3483 4256 «Iohanni

194 4295 582 4375 impignorata
626 4301 820 4374 erant,
868 4294 1245 4357 exhibuisse.
1302 4332 1369 4339 -—
1420 4294 1685 4358 Sabbato
1730 4312 1903 4375 prox.
1952 4299 2097 4374 post
2140 4295 2304 4359 diem
2352 4296 2664 4359 Cinerum.

781 4399 839 4448 fl.
866 4396 1081 4456 Matzen,
1120 4396 1225 4448 Den
1269 4396 1465 4448 danske
1502 4398 1769 4449 Panterets
1804 4399 1933 4448 Hist.
1974 4398 2024 4448 S.
2053 4397 2171 4451 464.

474 4516 692 4582 *1893.
780 4518 1229 4579 Testimonium
1278 4534 1507 4579 ΡιΑοιτι
1548 4534 1862 4579 caucasus
1903 4518 2324 4580 Wisanczusns
2371 4519 2447 4580 de
2493 4518 2868 4581 exhibitione
2902 4518 3064 4581 Petri
3098 4517 3484 4596 Waendelbo,
3554 4518 3635 4572 21.
3675 4519 3826 4575 Febr.

196 4620 485 4696 quondam
541 4622 705 4697 regis
764 4619 1081 4681 Danorum
1139 4618 1428 4700 dapiferi,
1495 4620 1829 4682 earundem
1889 4622 2325 4700 pecuniarum,
2395 4621 2470 4683 de
2539 4621 2765 4699 quibus
2831 4621 3045 4683 litterae
3112 4620 3488 4684 Waldemari

194 4724 345 4798 regis
390 4722 603 4785 eadem
652 4722 748 4784 die
796 4722 951 4785 datae
998 4721 1129 4797 (cfr.
1178 4737 1271 4782 nr.
1308 4722 1525 4798 *1892)
1570 4731 1782 4799 agunt.
1829 4758 1912 4767 —
1959 4723 2225 4785 Sabbato
2272 4742 2444 4804 prox.
2491 4731 2637 4804 post
2681 4724 2840 4785 diem
2888 4724 3201 4786 Cinerum.

782 4824 841 4875 Η.
874 4825 1086 4885 Matreu,
1125 4824 1232 4875 Den
1272 4823 1467 4876 danske
1504 4826 1769 4877 Panterets
1807 4826 1937 4877 illst.
1976 4828 2027 4876 S.
2059 4825 2312 4881 464—65.

477 4943 694 5008 *1894
783 4944 1069 5007 Tunorro
1094 4944 1371 5025 Paemns,
1409 4947 1768 5026 capitaneus
1808 4948 1996 5008 castri
2018 4945 2541 5024 Falkenbaerghis,
2578 4946 2894 5026 Tykonem
2929 4946 3160 5008 dictum
3185 4944 3482 5022 Ysbaergh
3554 4946 3638 4999 29.
3676 4946 3822 4999 Febr.

194 5061 294 5124 pro
338 5050 819 5127 computatione,
866 5046 1333 5125 Wordboerghis
1379 5066 1455 5111 ex
1500 5064 1613 5109 sua
1656 5054 1829 5127 parte
1876 5048 2102 5127 habita,
2152 5050 2390 5127 quittat.
2441 5082 2520 5095 -—
2567 5050 2893 5111 Dominica
2939 5048 3382 5110 Reminiscere.

781 5150 913 5215 Dlpl.
952 5148 1187 5209 Svecan„
1226 5150 1305 5203 ed.
1342 5152 1398 5201 B.
1428 5150 1483 5201 E.
1514 5147 1831 5202 Hildebrand
1867 5151 1923 5202 V.
1959 5150 2076 5205 243.
2225 5159 2235 5167 ·

2975 5266 3074 5321 34.
