4275 5759
493 527 677 593 1343.

471 1416 675 1483 1343?

417 1620 499 1675 30.
539 1622 721 1671 Martii.

392 2337 471 2390 17.
514 2339 724 2392 Octobr.

412 2868 482 2930 C.
534 2867 725 2933 1343.

810 362 955 433 266
1910 358 2125 433 Kone
2185 358 2580 432 VALDEMAR
2631 361 3030 431 Amnum.

801 632 1275 713 flymmersysoel
1332 635 1592 695 sitorum
1656 636 1836 711 eique
1894 651 2006 711 per
2066 634 2370 697 Andream
2429 634 2780 695 Poetersson
2839 638 3223 695 sectatorum
3290 637 3354 692 et
3405 637 3628 708 postea
3681 647 3795 709 per
3841 635 4140 707 quattuor

798 734 1033 797 litteras
1082 752 1227 797 suas
1273 735 1785 815 adjudicatorum,
1842 737 2049 797 statim
2095 737 2512 798 introducant.
2563 768 2640 781 ——
2687 733 2990 813 Albus-qis,
3039 736 3174 796 sine
3219 750 3407 795 anno.

1411 837 1469 887 Η.
1498 838 1713 897 Matzen,
1752 837 1860 889 Den
1898 836 2097 889 danske
2134 838 2402 889 Panterets
2438 838 2569 891 Uist.
2609 837 2662 888 S.
2695 836 2812 891 463.

1104 973 1317 1038 *1879.
1408 974 1763 1037 Hannasuus
1828 992 2031 1036 -nunc
2090 977 2364 1035 existens
2421 976 2488 1035 in
2531 974 2743 1053 Ripis,
2805 973 2968 1034 fliius
3014 972 3318 1034 Iohannis
3373 971 3450 1033 de
3495 970 3914 1050 Nygenhorch
3975 970 4133 1032 civis

796 1076 1219 1155 Bremensisu,
1266 1078 1435 1153 giver
1480 1080 1561 1138 sit
1608 1078 1929 1154 Samtykke
1978 1077 2041 1137 ti!
2092 1084 2153 1137 et
2197 1077 2262 1136 as
2301 1076 2458 1137 hans
2507 1075 2700 1137 Fader
2743 1077 3046 1151 foretaget
3091 1074 3420 1151 Godssalg.
3471 1108 3550 1119 —-
3595 1074 3790 1152 Rupis.
3881 1074 4134 1148 (Latin.)

1408 1178 1613 1229 Brudst.
1653 1191 1718 1242 og
1752 1178 1870 1229 Udt.
1908 1181 1925 1227 1
1967 1178 2294 1230 Bremisches
2329 1178 2665 1230 Urkundenb.
2703 1176 2763 1228 11.
2802 1176 3055 1230 474—75.
3345 1182 3352 1187 '

2330 1422 2603 1505 1343?

1098 1621 1314 1688 *1880.
1404 1623 1825 1686 Wacnnmaus
1867 1624 2185 1685 Danorum
2225 1622 2667 1701 slavorumque
2707 1640 2812 1684 rex
2860 1620 3170 1703 testificat,
3218 1620 3505 1682 dominos
3541 1617 3791 1682 Petrum
3828 1620 4130 1681 Jaensson

793 1724 867 1787 de
915 1725 1109 1787 Cowit
1165 1732 1225 1787 et
1272 1729 1571 1786 Ascerum
1616 1728 1867 1804 Apyson
1916 1724 1990 1787 de
2040 1726 2256 1808 Wittin
2302 1724 2608 1804 Iohanni,
2670 1724 3108 1786 archidiacono
3153 1723 3510 1803 Arusiensi‚
3567 1723 3822 1783 nomine
3867 1724 4130 1802 capituli

792 1827 1019 1889 ibidem
1045 1828 1255 1888 omnia
1285 1826 1451 1889 bona
1488 1827 1605 1888 sibi
1638 1834 1785 1906 post
1822 1834 2081 1890 mortem
2108 1827 2370 1890 Broderi
2403 1827 2648 1889 diaconi
2673 1830 2814 1906 jure
2855 1826 3227 1888 hereditario
3253 1826 3680 1902 contingentia
3703 1830 4014 1887 scotasse.
4047 1860 4128 1870 ——

791 1928 867 1991 In
906 1930 1128 2007 placito
1171 1937 1366 1991 nostro
1393 1932 1731 2005 justitiario
1780 1932 2103 2009 tir-wiensi,
2152 1947 2316 2005 anno
2367 1928 2531 1993 1333
2576 1932 2638 1990 in
2686 1928 3000 1991 dominica
3040 1928 3383 1989 Passionis.

1402 2031 1704 2095 Langebek,
1748 2032 1995 2097 Scriptor.
2034 2046 2135 2083 rer.
2175 2032 2410 2081 Danicar.
2449 2030 2529 2081 vl.
2566 2030 2682 2084 477.
2768 2032 2946 2092 Aaret,
2991 2042 3108 2081 som
3145 2031 3398 2094 foravrigt
3432 2042 3590 2094 ogsaa
3625 2027 3800 2081 Codex
3835 2029 3960 2086 har,
4005 2044 4132 2081 maa

1404 2116 1726 2181 selvielgellg
1756 2131 1894 2169 νει-ο
1923 2120 2164 2181 urlgtigt;
2203 2117 2303 2167 den
2333 2117 2428 2168 her
2455 2130 2570 2167 som
2600 2116 2754 2167 asdod
2783 2122 2990 2167 naevnte
3018 2116 3212 2167 Broder
3239 2116 3418 2167 levede
3443 2116 3622 2167 endnu
3651 2114 3788 2169 1385
3813 2114 3924 2180 (Νι.
3941 2116 4128 2181 2131).

1407 2218 1471 2267 og
1508 2204 1867 2275 AErkedegnen
1904 2204 2172 2255 lohannes
2210 2201 2344 2253 dede
2381 2201 2530 2257 1350.
2607 2202 2995 2266 Formodentiig
3030 2216 3088 2255 er
3123 2202 3214 2253 der
3248 2202 3414 2265 glemt
3446 2206 3498 2253 et
3532 2201 3578 2253 X
3611 2203 3630 2253 1
3665 2202 3962 2254 Aarstaliet.

1098 2339 1316 2406 *1881.
1404 2341 1604 2404 ΜΑσΝι
1650 2343 1817 2418 regis
1866 2342 2128 2419 Swecie,
2189 2340 2511 2415 Norwegie
2571 2344 2632 2399 et
2675 2340 2899 2401 Skanie
2945 2340 3160 2401 litterae
3212 2338 3287 2399 ad
3347 2340 3644 2401 consules
3691 2338 4127 2418 Lubycenses,

796 2444 1021 2521 quibus
1077 2442 1152 2502 ab
1212 2445 1288 2504 iis
1344 2444 1529 2521 petit,
1588 2448 1657 2505 ut
1710 2442 2105 2505 Hennichino
2163 2444 2430 2521 Zwarin,
2499 2442 2703 2519 iegato
2761 2458 2912 2519 suo,
2968 2441 3152 2503 fldem
3211 2442 3568 2504 creditivam
3625 2442 3980 2503 adhibeant.
4045 2477 4127 2487 —

792 2544 1105 2624 Lvdhosie,
1152 2546 1307 2607 feria
1350 2553 1521 2607 sexta
1565 2552 1713 2625 post
1757 2544 1974 2606 Kalixti
2022 2563 2203 2626 pape,
2253 2545 2388 2605 sine
2435 2561 2620 2605 anno.

1401 2645 1735 2699 Urkundenb.
1775 2648 1823 2698 d.
1862 2647 2012 2699 Stadt
2045 2647 2261 2699 Lubeck
2298 2646 2358 2698 11.
2397 2646 2514 2701 726.

2251 2874 2338 2957 Ο.
2413 2874 2662 2956 1343.

1100 3074 1321 3141 *1882.
1412 3076 1683 3139 Casurus
1729 3076 2113 3154 Foansson,
2169 3075 2381 3153 miles,
2442 3076 2874 3154 recognoscit,
2933 3092 3002 3137 se
3057 3090 3094 3136 a
3136 3074 3400 3153 Magno,
3469 3074 3706 3138 Suecioe
3765 3080 3886 3137 etc.
3947 3094 4124 3153 rege,

792 3180 1177 3256 Blekingiam
1245 3186 1307 3241 et
1371 3178 1657 3240 Listriam
1721 3195 1758 3240 a
1822 3179 2137 3239 dominica
2202 3177 2482 3256 proxima
2553 3178 2770 3239 mediae
2851 3177 3336 3257 quadragesimae
3405 3177 3468 3237 in
3537 3182 3666 3239 tres
3731 3194 3938 3239 annos
4007 3196 4126 3258 pro

791 3280 919 3345 500
962 3282 1188 3342 marcis
1235 3280 1629 3344 denariorum
1676 3282 2087 3343 Scanensium
2132 3280 2450 3341 annuatim
2500 3280 2814 3342 solvendis
2861 3282 3200 3360 recepisse.
3251 3314 3330 3325 --
3377 3280 3524 3341 Sine
3567 3294 3732 3342 anno
3777 3288 3842 3343 et
3885 3280 4014 3345 die.

1401 3382 1533 3447 Dipl.
1571 3382 1807 3443 Svecan..
1846 3381 1923 3434 ed.
1961 3383 2015 3433 B.
2044 3382 2101 3433 E.
2130 3380 2454 3433 Hildebrand
2489 3380 2546 3432 V.
2581 3381 2836 3437 232-83.

1095 3518 1311 3584 *1883
1403 3520 1672 3583 Casurus
1720 3520 2132 3598 (Fotxasson),
2191 3518 2394 3597 milae,
2443 3536 2512 3581 se
2551 3518 2868 3599 Magnum,
2919 3520 3154 3581 Suecioe
3201 3525 3320 3581 etc.
3368 3534 3602 3598 regem,
3652 3534 3768 3598 pro
3817 3520 4128 3583 Silinsera

684 3621 689 3625 ’
791 3627 876 3697 (oz
928 3623 1244 3694 Siluisera)
1292 3628 1353 3683 et
1398 3628 1604 3683 castro
1641 3622 1986 3699 Silinsborg
2032 3624 2121 3697 (ot
2174 3622 2538 3698 Siluisborg)
2588 3638 2779 3701 super
2819 3622 2950 3687 200
2992 3622 3220 3683 marcis
3267 3621 3660 3698 denariorum
3701 3620 4122 3687 Scanensium

792 3726 1189 3802 quittaturum
1236 3727 1557 3805 promittit.
1606 3760 1689 3771 —
1736 3726 1879 3787 Sine
1928 3741 2093 3786 anno
2142 3730 2203 3786 et
2248 3724 2368 3785 die.

1403 3827 1533 3891 Dipl.
1572 3828 1808 3885 Svecan.,
1846 3825 1923 3877 ed.
1963 3826 2017 3876 Β.
2045 3827 2102 3877 Ε.
2134 3825 2454 3878 Hildebrand
2489 3824 2544 3875 V.
2580 3824 2698 3881 233.

1095 3963 1315 4029 *1884
1403 3965 1702 4027 Iomanes
1750 3964 2152 4043 Risissnaon,
2201 3965 2401 4043 mileS‚
2448 3963 2750 4026 Ioannes
2796 3962 3019 4043 Κιειικ,
3065 3961 3298 4026 Psi-aus
3338 3964 3544 4041 Dum,
3589 3962 3802 4027 Bonoo
3847 3964 4124 4031 Jonsson

791 4076 852 4129 et
887 4069 1249 4130 Launaurics
1287 4067 1634 4130 Mnussos
1676 4073 2163 4145 recognoscunt,
2213 4085 2280 4129 se
2321 4066 2567 4147 Magno,
2617 4067 2854 4129 Sueciae
2890 4073 3008 4129 etc.
3049 4066 3203 4145 regi,
3250 4067 3314 4127 in
3348 4066 3577 4147 placito
3603 4067 3945 4145 justitiario
3984 4072 4124 4147 ejus

792 4172 1001 4232 omnia
1053 4170 1219 4231 bona
1272 4172 1336 4230 in
1393 4170 1787 4249 Halastatha,
1848 4170 2272 4246 Myaetastatha
2328 4170 2391 4229 in
2448 4170 2816 4247 Skyotheret
2871 4172 3022 4251 sita,
3091 4186 3226 4248 quae
3286 4176 3432 4249 post
3487 4175 3747 4231 mortem
3807 4168 4123 4232 Iohannis

791 4271 971 4335 Duua
1007 4276 1149 4351 jure
1196 4272 1565 4334 hereditario
1612 4271 2049 4351 possidebant,
2103 4289 2217 4352 pro
2262 4270 2348 4335 40
2393 4274 2618 4335 marcis
2664 4274 2838 4351 puris
2883 4274 3124 4351 argenti
3169 4278 3232 4333 et
3279 4271 3402 4335 140
3443 4274 3672 4333 marcis
3715 4270 4124 4335 denariorum

792 4393 1094 4439 novorum
1144 4376 1551 4437 Scanensium
1598 4374 1928 4437 tradidisse
1976 4381 2037 4435 et
2082 4380 2388 4436 scotasse.
2437 4409 2516 4419 -
2565 4376 2710 4437 Sine
2755 4392 2920 4437 anno
2967 4381 3028 4437 et
3073 4374 3194 4437 die.

1406 4478 1536 4542 Dipl.
1574 4478 1811 4537 Svecan„
1848 4476 1927 4528 ed.
1966 4475 2020 4526 B.
2048 4476 2106 4527 E.
2139 4474 2454 4527 Hildebrand
2490 4476 2545 4527 V.
2583 4476 2836 4531 233—34.

1100 4614 1317 4680 *1885.
1408 4616 1725 4680 Cossum!
1762 4632 1961 4679 oraim
2001 4614 2416 4677 Srmussuno
2461 4613 2538 4674 ad
2571 4614 2938 4677 Edwardum
2983 4630 3194 4691 regem
3231 4614 3450 4693 Anglie
3487 4614 3728 4691 litteris,
3773 4615 3840 4677 in
3886 4614 4128 4692 quibus

792 4719 1028 4796 dicunt,
1078 4736 1145 4780 se
1190 4736 1355 4781 anno
1403 4720 1711 4798 praeterito
1758 4734 2051 4795 magnum
2096 4716 2326 4778 bellum
2364 4733 2506 4779 cum
2545 4734 2691 4793 rege
2729 4717 2960 4781 Swecie
2998 4722 3061 4779 et
3093 4716 3426 4780 comitibus
3459 4716 3775 4781 Holtzacie
3809 4718 4128 4797 gessisse,

792 4824 954 4884 inter
1008 4822 1127 4883 alia
1186 4822 1350 4900 quod
1410 4823 1837 4885 wimannus
1892 4838 2104 4897 regem
2161 4820 2480 4882 Danorum
2535 4819 2616 4881 de
2671 4836 2868 4897 regno
2925 4819 3244 4883 traditiose
3299 4819 3715 4898 expulissent,
3785 4834 3970 4897 quem
4039 4822 4130 4882 ad

793 4926 1278 5003 recuperandam
1336 4924 1643 5002 quandam
1700 4930 1937 5003 partem
1993 4924 2172 4999 regni
2237 4929 2299 4983 et
2350 4921 2429 4984 ad
2489 4922 2928 5002 deprimendos
2985 4924 3216 5002 piratas
3267 4921 3563 4985 Holsatos
3617 4920 3988 5001 adjuverint.
4039 4958 4126 4969 —

794 5027 940 5089 Sine
986 5042 1152 5089 anno
1199 5033 1261 5089 et
1308 5026 1427 5089 die.

1406 5129 1740 5181 urkundenb.
1772 5129 1821 5181 d.
1850 5127 2001 5181 snat
2025 5127 2240 5180 Labeon:
2273 5124 2354 5177 w.
2389 5126 2608 5183 35—37.
2681 5127 2886 5179 Brudst.
2916 5130 2936 5177 i
2963 5127 3475 5193 Heklenburgisches
3504 5126 3843 5181 Urundenb.
3879 5127 3964 5179 1¹.
3995 5127 4126 5185 488.
