4275 5759
3488 221 3519 246 l

1346 380 1414 451 K
1424 402 1564 455 oue
1619 379 2013 453 VALDEMAR
2070 382 2470 454 Aramum.
3439 388 3584 459 299

3709 553 3907 625 1352.

552 652 773 718 *2148
865 653 1150 735 Macrine,
1197 672 1301 717 rex
1352 655 1615 732 sveciae,
1663 654 1985 733 Norvegiae
2034 664 2096 739 et
2142 658 2416 736 Scaniae,
2464 657 2897 733 recognoscit,
2947 673 3016 716 se
3065 655 3334 719 Henrico
3382 658 3594 719 comiti
3666 655 3714 710 1-
3752 656 3992 721 Augusti.

260 757 541 819 Holsatiae
589 763 653 819 et
696 758 1049 819 Siormariae
1110 764 1256 820 octo
1312 758 1503 819 millia
1558 774 1907 820 marcarum
1967 758 2227 835 debere,
2288 758 2362 821 de
2422 758 2649 837 quibus
2699 756 2863 821 1200
2919 758 2983 819 in
3031 758 3192 820 festo
3238 757 3299 819 b.
3347 758 3595 821 Martini

258 862 529 938 proxime
565 861 774 922 futuro
813 859 1288 937 flelsinghorgis
1327 859 1638 921 solvendae
1685 861 1832 939 sint,
1878 860 1953 921 ad
2004 862 2170 939 quod
2217 868 2466 940 tempus
2513 866 2575 922 et
2618 859 2840 924 eodem
2886 861 3028 921 loco
3075 862 3290 922 litterae
3327 860 3591 940 publicae

258 963 337 1023 de
386 963 493 1023 bac
540 980 607 1025 re
655 963 869 1025 comiti
913 960 1309 1037 assignandae
1358 963 1503 1023 sint.
1554 996 1630 1007 —-
1686 962 2023 1043 Barcakws,
2071 965 2135 1025 in
2183 965 2344 1026 festo
2391 982 2444 1025 s.
2491 963 2656 1026 Petri
2699 962 3052 1024 aduincula.

865 1063 1203 1129 Diplomatar.
1240 1065 1458 1129 Not-vag.
1496 1064 1597 1116 vn.
1635 1063 1892 1119 241—44.

554 1200 774 1265 *2149.
865 1200 1113 1265 annm
1169 1202 1188 1261 i
1247 1201 1477 1262 Lauren
1547 1202 1819 1263 tilsikrer
1874 1200 2055 1279 Kong
2116 1202 2442 1265 valdemar
2496 1202 2563 1264 af
2610 1201 2921 1263 Danmark
2989 1202 3091 1262 frit
3146 1201 3333 1280 Lejde
3397 1202 3465 1262 til
3534 1208 3598 1264 at
3665 1204 3714 1257 9.
3751 1204 3990 1270 Augusti.

253 1304 499 1365 homme
543 1304 609 1365 tii
658 1302 886 1365 Staden
934 1303 1180 1365 iTiden
1224 1303 1403 1368 indtii
1446 1304 1978 1367 forstkommende
2023 1303 2259 1367 Pintse.
2306 1340 2390 1352 —
2435 1305 2504 1367 ln
2550 1304 2756 1381 vigilia
2798 1303 2859 1365 b.
2907 1303 3234 1366 Laurencii
3281 1306 3571 1367 martiris.

3213 1406 3594 1485 (Plattydsk.)

871 1506 1205 1559 urkundenb.
1242 1508 1293 1560 d.
1324 1508 1474 1559 stadt
1502 1508 1713 1559 Lubeck
1742 1508 1823 1559 111.
1863 1508 2104 1564 139—40
2139 1508 2294 1575 (hvor
2328 1510 2496 1574 uulgo
2529 1509 2728 1562 Udkast
2764 1508 2824 1559 tss
2859 1513 2911 1559 et
2946 1507 3208 1573 lignende,
3249 1522 3373 1560 men
3411 1506 3593 1561 utitor-

868 1593 1031 1657 ligere
1068 1594 1236 1659 Brev).
1311 1596 1551 1655 stanteis,
1589 1594 1802 1646 Lubeck
1838 1593 1947 1645 und
1983 1596 2256 1659 narqvard
2289 1608 2392 1647 von
2428 1596 2733 1647 wastenaco
2770 1594 2823 1645 S.
2855 1592 2938 1647 45.

561 1730 777 1795 *215st
868 1731 1101 1811 Maeui,
1161 1734 1425 1810 Swecie,
1480 1732 1801 1809 Norwegie
1847 1739 1910 1793 et
1955 1732 2182 1825 Scanie
2228 1734 2427 1812 regis,
2477 1733 2728 1812 litterae,
2777 1732 3006 1809 quibus
3052 1736 3409 1808 treugarum
3459 1732 3594 1796 dies
3664 1733 3716 1787 9.
3751 1734 3993 1798 Ausum·

252 1851 367 1913 per
408 1835 649 1911 legatos
696 1850 849 1895 suos
897 1852 1039 1896 cum
1087 1835 1456 1897 consulibus
1505 1835 1766 1897 civitatis
1816 1835 2186 1897 Lubicensis
2234 1835 2548 1897 ordinatas
2595 1834 2919 1915 approbat,
2967 1835 3051 1894 ita
3095 1840 3158 1896 ut
3204 1834 3594 1898 Lubicenses

252 1937 626 2014 Swechiam,
699 1937 1081 2013 Norwegiam
1148 1955 1221 2000 ac
1291 1937 1575 1999 Scaniam
1648 1954 1869 1999 secure
1938 1939 2184 1999 visitare
2252 1940 2521 2017 possint.
2593 1971 2670 1981 —-
2743 1938 2810 1998 111
2876 1938 3082 2013 vigilia
3147 1936 3207 1998 b.
3267 1937 3594 2000 Laurencii

250 2040 521 2102 martiris
564 2039 845 2116 gloriosi.
2427 2104 2432 2111 ,

866 2140 1159 2201 Sertorius,
1211 2141 1383 2193 Gescb
1445 2141 1493 2192 d.
1531 2141 1731 2203 Hense,
1780 2142 1859 2193 ed.
1896 2142 2238 2207 Lappenberg
2289 2140 2346 2192 11.
2395 2140 2652 2195 422—23.
2735 2140 3072 2193 urkundenb.
3111 2141 3159 2191 d.
3199 2141 3349 2193 Stadt
3382 2141 3596 2195 Labecia

867 2225 949 2277 111.
990 2225 1240 2281 138—39.

555 2364 775 2430 *2151.
867 2364 1101 2425 Udkast
1165 2363 1229 2426 tii
1286 2364 1467 2440 Kong
1523 2366 1881 2428 Vstonmns
1940 2365 2278 2444 Lejdebrev
2335 2366 2430 2427 sor
2489 2365 2892 2451 Liibeckerne
2948 2364 3016 2425 til
3084 2371 3145 2425 at
3211 2366 3458 2426 komme
3527 2363 3594 2426 til
3630 2365 3688 2417 C.
3722 2365 3770 2419 9.
3798 2368 4037 2430 Augusti.

246 2466 561 2531 Danmark
608 2469 629 2526 i
672 2465 870 2528 Tiden
916 2467 1093 2527 indtii
1137 2468 1671 2529 forstkommende
1719 2468 1950 2531 Pintse.
2004 2504 2073 2513 -
2129 2467 2299 2529 Uden
2347 2469 2468 2530 Aar
2513 2486 2595 2546 og
2642 2468 2792 2544 Dag.
3215 2465 3593 2545 (Plattydsk.)

863 2568 1206 2621 urkundenb.
1243 2569 1291 2619 (1.
1331 2569 1482 2621 Stadt
1514 2570 1729 2622 Lubeck
1768 2570 1848 2622 111.
1890 2570 2002 2624 140.

561 2705 779 2770 *2152
870 2705 1231 2781 Registrum
1278 2724 1545 2769 emron
1592 2708 2109 2771 Scusssvicausis.
2158 2742 2240 2753 -
2288 2707 2491 2784 (Circa
2534 2708 2760 2769 festum
2810 2708 3261 2788 assumptionis
3305 2705 3558 2782 Mariae).
3629 2706 4040 2773 &lb-Ausum·

867 2808 1163 2871 Langehek,
1201 2809 1451 2873 scriptor.
1488 2823 1589 2862 rer.
1628 2809 1864 2861 Denicar.
1905 2809 1982 2860 Vl.
2020 2807 2274 2863 574—86.

559 2944 778 3009 *2153
866 2945 1192 3023 Iomanes,
1238 2946 1519 3009 Hmmcus
1568 2953 1630 3009 et
1661 2947 1988 3026 ΝιοοιΑυε,
2036 2947 2350 3009 Holizacie
2399 2954 2458 3008 et
2495 2948 2829 3008 Stormarie
2869 2948 3154 3024 comites,
3203 2947 3591 3027 promittunt,
3663 2946 3748 3000 29.
3785 2948 4030 3013 Augusti.

246 3066 341 3126 se,
389 3049 446 3110 si
487 3046 719 3109 bellum
766 3048 927 3110 inter
962 3048 1258 3125 Magnum
1305 3049 1549 3128 Suecie,
1597 3050 1921 3126 Norwegie
1968 3068 2040 3111 ac
2082 3050 2305 3111 Scanie
2351 3067 2564 3126 regem
2612 3055 2674 3111 et
2717 3050 3026 3111 civitatem
3068 3049 3483 3111 Lubicensem
3528 3050 3593 3111 in

244 3152 503 3213 biennio
549 3152 758 3212 futuro
806 3155 1009 3212 ortum
1058 3151 1168 3231 sit,
1227 3154 1363 3231 ejus
1410 3154 1854 3233 compositioni
1900 3169 2152 3233 operam
2200 3152 2458 3214 daturos
2507 3170 2672 3213 esse.
2724 3186 2800 3195 —
2853 3150 3109 3231 Lubelce,
3170 3150 3268 3214 die
3315 3148 3589 3213 decolla-

243 3255 453 3316 cionis
497 3253 559 3315 b.
608 3252 913 3315 lobannis
962 3254 1245 3332 baptiste.

867 3353 1202 3407 Urkundenb.
1244 3356 1293 3407 d.
1332 3355 1482 3408 Stadt
1517 3356 1731 3407 Lubeck
1766 3354 1847 3407 111.
1886 3356 2002 3411 142.

555 3473 773 3539 *2154
864 3474 1114 3538 Hal-truci
1171 3478 1454 3557 episcopi
1513 3474 1948 3539 Roskildensis
2007 3478 2223 3537 iitterae
2287 3476 2362 3539 de
2432 3476 2779 3538 scotatione
2839 3475 3221 3554 quarundam
3281 3477 3592 3539 curiarum
3661 3479 3709 3534 5.
3750 3482 3953 3545 septbr.

240 3578 657 3640 Hafnensium
705 3577 780 3639 ab
829 3578 1120 3640 Katerina
1162 3596 1354 3641 uxore
1403 3579 1714 3657 quondam
1765 3580 2025 3641 Goti'ridi
2074 3579 2150 3640 de
2201 3579 2400 3658 Vnna,
2449 3579 2724 3641 Ger-ardo
2772 3578 2918 3655 (filio
2966 3573 3203 3655 eorum)
3251 3585 3313 3641 et
3356 3579 3591 3642 Jacobo

238 3680 686 3760 Thythebergh
736 3686 798 3742 et
832 3682 1243 3765 Hennechino
1283 3682 1562 3743 Stenwek
1614 3683 1945 3745 heredibus
1994 3683 2334 3743 eorundem
2376 3682 2449 3743 ad
2499 3683 2687 3743 uitare
2735 3685 3112 3757 (sanctorum
3160 3683 3588 3761 apostolorum

236 3786 309 3845 in
355 3784 645 3857 ecclesia)
693 3782 887 3845 beatoe
938 3783 1205 3859 Virginis
1243 3783 1459 3845 Hafnis
1507 3783 1583 3846 de
1630 3801 1792 3847 novo
1839 3790 2270 3847 constructum
2317 3786 2499 3865 facta.
2536 3820 2621 3827 —
2656 3785 2896 3863 Hafm'S,
2947 3785 3161 3863 quinta
3208 3783 3305 3846 die
3354 3787 3590 3847 mensis

236 3887 655 3967 Septembris.
2189 3972 2192 3976 ἦ

866 3986 1108 4049 noreiam,
1145 3986 1517 4049 nubentium:
1554 3989 1735 4041 Kirker
1771 4002 1835 4054 og
1873 3988 2128 4061 Klostere,
2167 3988 2284 4039 Tm.
2323 3989 2375 4040 S.
2408 3988 2628 4042 14—15.

550 4106 773 4172 *2155
861 4108 1227 4171 Lausnucms
1272 4108 1577 4188 mansos,
1625 4111 1957 4188 praei'ectus
2004 4110 2250 4188 Scanie‚
2306 4108 2381 4170 ad
2427 4108 2790 4203 advocatum
2840 4109 3255 4172 Sundensium
3315 4112 3376 4170 in
3424 4126 3586 4171 nun·
3659 4113 3744 4167 26.
3782 4114 3987 4177 septbr·

231 4212 412 4272 dinis
449 4210 893 4272 Falsterbothae
938 4219 1426 4274 commorantem
1478 4213 1714 4291 scribit,
1763 4231 1831 4276 se
1878 4213 1976 4275 die
2024 4214 2298 4275 crastina
2342 4217 2404 4273 et
2449 4218 2622 4273 sexta
2666 4212 2817 4274 seria
2863 4211 3286 4289 subsequente
3333 4214 3395 4273 in
3431 4212 3588 4274 Mal-

230 4314 493 4391 tnegbae
537 4317 923 4376 moraturum
972 4330 1137 4393 esse,
1184 4321 1254 4376 ut
1297 4316 1540 4393 injuriis
1588 4318 1724 4394 ejus
1772 4314 2135 4378 concivibus
2186 4322 2247 4378 et
2291 4315 2427 4377 aliis
2463 4314 2646 4376 illatis
2695 4320 3004 4378 occurrat.
3039 4350 3125 4359 —-
3163 4316 3394 4392 Quarta
3437 4316 3591 4376 feria

228 4422 389 4479 ante
432 4415 782 4496 Michaelis,
830 4418 967 4479 sine
1014 4433 1201 4479 anno.

863 4518 1249 4572 flenter-ecesse
1282 4520 1318 4571 1.
1358 4519 1476 4575 120.

554 4638 773 4704 *2156.
866 4638 1143 4721 Canutius
1169 4638 1380 4715 (Vltus)
1405 4657 1587 4721 papa,
1616 4645 1871 4718 rogatus
1912 4658 1949 4703 a
1972 4640 2259 4702 Iohanne
2285 4640 2646 4720 GuiIaberti,
2675 4642 2893 4703 nuntio
2931 4638 3100 4702 sedis
3137 4640 3497 4719 apostolicae
3524 4642 3587 4701 in
3657 4643 3739 4697 21.
3779 4643 3989 4696 octobr.

238 4743 471 4822 Dacia,
533 4742 749 4805 Svecia
805 4747 867 4804 et
909 4741 1249 4823 Norvegia,
1307 4743 1626 4805 Bernardo
1672 4744 2125 4822 Bartholomei,
2186 4744 2418 4806 clerico
2463 4744 2899 4822 Avinionensi,
2960 4743 3037 4804 (16
3097 4744 3469 4804 canonicatu
3527 4749 3589 4804 et
3691 4792 3699 4800 .

242 4844 597 4925 praebendoe
656 4845 937 4907 ecciesiae
987 4844 1373 4923 bundensis,
1431 4845 1793 4909 vacantibus
1852 4850 1916 4907 in
1962 4846 2248 4909 Romana
2302 4848 2475 4909 curia
2532 4864 2642 4926 per
2699 4847 3238 4909 consecrationem
3285 4843 3588 4923 Nichoiay

240 4948 488 5013 Marchi
532 4948 817 5027 episcopi
859 4947 1299 5028 Lincopensis,
1343 4948 1646 5028 providet.
1685 4984 1770 4995 --
1805 4951 2114 5030 Aventone,
2163 4949 2288 5012 xii.
2337 4951 2454 5013 kal.
2502 4950 2895 5029 NovembriS,
2942 4948 3342 5028 pontificatus
3389 4949 3587 5009 nostri

234 5068 409 5115 anno
456 5050 814 5114 undecimo.

862 5152 981 5204 udt.
1019 5155 1036 5203 1
1075 5152 1410 5217 Diplomatar.
1448 5154 1667 5218 Narveg.
1708 5153 1785 5204 vt.
1823 5154 1939 5207 249.

3072 5270 3173 5330 88⁴¹
