4275 5759
1345 376 1419 458 ,Κ
1430 399 1574 492 orso
1621 377 1811 450 Eum
1865 375 2230 450 Gmppmc.
3354 379 3398 453 7
3407 381 3450 454 3

474 651 637 720 1039
683 670 755 718 so
796 651 974 720 *sea
1619 745 1629 756 ·

476 772 661 838 1044,
750 771 866 824 Udt.
902 775 921 824 1
959 772 1017 825 0.
1055 770 1282 832 Nielsen,
1319 771 1555 836 Samling
1590 771 1646 826 a!
1674 771 1984 824 Adkomstcr
2021 784 2068 823 o.
2107 786 2149 823 s.
2187 787 2234 824 v.
2273 773 2352 824 tor
2388 772 2516 824 Bibe
2551 771 2874 837 Domkapitel
2911 773 2962 824 S.
3001 773 3082 826 63.

474 874 657 940 1046,
750 874 955 926 Brudst.
992 877 1009 926 i
1046 874 1399 934 Menckenius,
1444 873 1734 938 scriptores
1771 887 1953 926 rerum
1987 874 2421 928 Germanicarum
2456 875 2538 926 111.
2573 874 2690 928 586.

484 977 657 1048 *362
750 978 969 1048 Emcus
1015 977 1329 1046 nanctum
1378 977 1819 1055 Siavorumque
1864 995 1967 1039 rex
2014 979 2346 1044 monacbis
2388 978 2828 1046 cisterciensis
2876 978 3109 1040 ordinis
3152 978 3227 1040 de
3254 978 3454 1040 Guth-

198 1082 319 1142 valia
356 1082 691 1160 complures
736 1080 912 1142 villas
958 1080 1021 1142 in
1065 1081 1325 1142 Estonia
1368 1084 1431 1142 et
1471 1079 1757 1142 Wironia
1799 1080 2067 1141 dimittit.
2120 1115 2194 1128 —
2239 1080 2555 1144 Roakildis.

750 1184 955 1247 Bunge,
992 1181 1149 1244 Liv.-‚
1185 1182 1361 1238 Est-he
1397 1196 1449 1233 ιι.
1490 1180 1903 1234 Gurlandischea
1936 1183 2276 1242 Urkundenh.
2311 1182 2348 1237 1.
2386 1181 2636 1238 430—31.
2710 1182 2880 1246 Tydsk
2915 1182 3093 1239 Ovors.
3131 1186 3148 1234 i
3186 1184 3366 1246 Bunge
3401 1197 3453 1234 u.

751 1267 883 1328 Tou,
918 1267 1057 1320 Est.-
1094 1282 1147 1323 ιι.
1188 1267 1557 1320 ΜνΙᾰιιᾱίεοΙιο
1590 1266 1841 1320 Briessade
1876 1267 1912 1324 1.
1950 1268 2033 1324 15.

1499 1495 2105 1578 1259-1286.

491 1644 660 1709 ’368.
752 1644 953 1724 (Kong
998 1644 1201 1722 mes)
1245 1643 1633 1721 Forordning
1676 1645 1774 1706 for
1821 1644 2079 1724 Skaane,
2128 1647 2271 1706 isaer
2317 1662 2416 1707 om
2465 1647 2604 1706 Arv.
2652 1679 2731 1688 —-
2778 1645 2949 1707 Uden
2999 1645 3136 1706 Aar.

750 1747 1175 1806 Korod-Ancher,
1234 1745 1561 1798 Lovhistorie
1619 1745 1655 1796 l.
1709 1746 1962 1801 611—14.
2024 1747 2082 1799 11.
2124 1746 2380 1802 53οπ32.
2451 1747 2782 1800 Aanberotn.
2827 1747 2905 1798 ira
2954 1747 3345 1800 Gebeimearch.
3402 1745 3458 1796 V.

748 1832 968 1888 30—31.

1684 2025 1931 2108 1260.

492 2171 663 2238 ⁴369.
794 2174 1013 2236 Enicus
1070 2161 1209 2244 dux'
1235 2174 1412 2246 Jucie
1479 2176 1649 2240 cives
1704 2175 1783 2242 de
1826 2173 1977 2240 Kilae
2034 2175 2196 2241 infra
2247 2175 2550 2244 terminos
2606 2173 2868 2246 ducatus
2930 2175 3027 2237 sui
3090 2180 3150 2236 et
3193 2175 3256 2235 in
3303 2175 3462 2237 villis

198 2275 501 2340 forensibus
557 2276 677 2348 sibi
732 2277 1139 2358 attinentibus
1198 2293 1237 2350 a,
1288 2278 1639 2362 gravamine
1695 2277 1910 2345 telonii
1969 2277 2200 2345 liberos
2258 2282 2320 2343 et
2373 2282 2694 2370 exemptos
2752 2277 3022 2356 dimittit.
3073 2311 3150 2322 —-
3196 2276 3462 2352 Sleawic‚

199 2376 460 2440 dominica
502 2396 620 2458 qua
665 2386 949 2441 cantatur
991 2379 1231 2441 Letare.

754 2481 993 2537 Schwartz
1030 2494 1083 2532 ιι.
1121 2480 1300 2544 Fabae,
1337 2480 1683 2542 Nachrichten
1718 2496 1767 2533 v.
1786 2481 1836 2532 d.
1858 2480 2006 2533 stadt
2024 2479 2135 2543 Kial
2155 2481 2190 2532 S
2244 2479 2495 2539 186-87.
2560 2480 2859 2552 Hichelsem
2879 2481 3465 2546 Urkundensammlung

754 2567 791 2624 1.
828 2565 943 2628 477.

484 2668 669 2734 1050,
760 2669 817 2720 0.
853 2669 1083 2730 Nielscn,
1120 2669 1489 2736 mehenhavns
1526 2669 1960 2737 mplematarium
1996 2669 2031 2719 1.
2068 2669 2289 2731 22—23.

490 2771 662 2836 *370.
752 2771 1191 2852 Maenianis),
1239 2773 1549 2851 quondam
1588 2773 1905 2840 Danorum
1942 2774 2178 2853 regina,
2224 2775 2510 2854 mancus),
2548 2773 2669 2848 dux
2693 2773 2892 2851 satim,
2934 2779 2996 2835 et
3017 2776 3243 2862 Meum,
3280 2774 3468 2833 frater

198 2872 325 2948 ejus,
363 2873 618 2936 Iohanni
664 2881 727 2936 et
771 2875 1111 2954 Gerhardo,
1160 2875 1492 2937 comitibus
1530 2875 1828 2955 Holsatie,
1886 2891 2001 2954 pro
2047 2875 2475 2956 redemptione
2530 2876 2736 2938 fratris
2800 2877 2896 2938 sui
2953 2875 3228 2937 defuncti
3285 2876 3464 2937 ducis

199 2971 521 3046 waldemari
568 2983 631 3042 et
673 2994 790 3057 pro
834 2979 1124 3058 expensis
1170 2978 1353 3048 factis
1398 2993 1513 3058 pro
1560 2994 1777 3048 sorore
1825 2994 1939 3048 sua
1972 2983 2168 3048 totam
2200 2985 2426 3052 terrem
2467 2995 2642 3050 suam
2681 2980 2842 3050 inter
2866 2978 3051 3039 Sliam
3089 2986 3149 3039 et
3172 2978 3463 3057 Eidriasn,

198 3075 429 3139 videlicet
472 3079 767 3158 Svanseo,
813 3079 1138 3160 Frethslet,
1188 3080 1628 3160 Stapeleholm,
1678 3097 1903 3142 nemus
1946 3079 2240 3146 Jemwith
2299 3087 2362 3143 et
2406 3080 2702 3161 oppidum
2749 3080 3292 3158 Boinoldesburgi,
3341 3081 3461 3141 im-

196 3179 493 3253 pignorant.
544 3217 619 3225 -——
666 3181 933 3256 sleswic,
980 3183 1041 3243 in
1089 3183 1294 3260 vigilia
1336 3183 1727 3245 ascensionis
1774 3183 2044 3244 Domini.

750 3285 939 3344 waitz,
994 3284 1317 3336 Jahrhfichcr
1363 3284 1452 3336 des
1499 3284 1796 3339 Deutschen
1838 3285 2023 3337 Reichs
2070 3289 2226 3336 unter
2275 3285 2440 3349 Kontg
2478 3285 2722 3336 Heinrich
2761 3285 2795 3334 Ι.
2852 3284 2992 3335 Neue
3029 3285 3374 3348 BearbeItung
3412 3285 3463 3336 S.

752 3369 869 3424 268.
942 3370 1220 3429 Stemann,
1278 3371 1591 3422 Geschichte
1634 3370 1683 3421 d.
1730 3370 2069 3422 offentltchon
2116 3385 2168 3421 ιι.
2216 3371 2612 3422 privat-Rechts
2659 3369 2706 3420 d.
2755 3369 3133 3433 Herzogthnms
3180 3370 3464 3434 Schleswig

753 3455 835 3506 111.
872 3455 919 3508 1.
990 3457 1115 3508 Jvir.
1156 3455 1529 3520 pontoppidan,
1570 3455 1775 3507 Danske
1809 3456 1953 3508 Atlas
1990 3454 2091 3506 vn.
2128 3455 2244 3510 679.

484 3559 667 3624 1052,
756 3557 927 3622 Tydsk
958 3557 1075 3610 Udt.
1114 3560 1131 3609 ί
1168 3559 1420 3610 zeitschr.
1458 3558 1491 3609 t.
1531 3558 2346 3623 Schleswig·flolstein-Lauenb.
2385 3559 2571 3610 Gesch.
2609 3556 2687 3608 vl.
2729 3557 2930 3622 Repert.
2969 3558 3021 3608 S.
3061 3556 3173 3611 109.

490 3661 663 3726 *371.
750 3663 975 3726 Eamus
1013 3660 1332 3725 Danorum
1382 3662 1864 3740 Sclavorumque
1913 3680 2015 3724 rex
2064 3661 2410 3742 confirmat,
2457 3663 2748 3724 meliores
2795 3660 2870 3723 de
2917 3661 3168 3722 Revalia
3212 3663 3465 3724 nomine

194 3765 603 3825 communitatis
664 3765 947 3828 ecclesiae
1010 3763 1358 3838 Revaliensi
1431 3765 1871 3858 perpetualiter
1936 3766 1997 3825 in
2058 3765 2323 3855 quadam
2385 3781 2629 3826 summa
2683 3781 2948 3833 annonae
3005 3765 3242 3824 ratione
3304 3767 3465 3842 juris

192 3863 444 3926 sinodalis
488 3867 794 3945 obligatos
843 3883 1007 3930 esse.
1058 3902 1136 3912 ——
1182 3867 1443 3929 Hormus
1490 3866 1877 3947 [ΗΜ-8811571,
1926 3869 2105 3928 tertio
2154 3868 2294 3928 idus
2339 3866 2527 3929 Junii.

750 3970 947 4034 Bunge,
984 3969 1141 4030 Liv.·,
1178 3967 1353 4021 Estn-
1390 3983 1443 4020 ιι.
1481 3967 1889 4020 Curiandtsches
1919 3968 2256 4020 Urkundenb.
2296 3969 2331 4020 Ι.
2369 3969 2486 4022 447.
2561 3970 2758 4034 Bunge‚
2795 3968 2986 4019 Archiv
3023 3967 3056 4018 f.
3097 3968 3283 4019 Gesch.
3322 3969 3464 4020 mv.-

750 4054 926 4106 Estn—
962 4069 1014 4106 u.
1053 4055 1316 4106 Curiands
1354 4055 1388 4106 Ι.
1425 4054 1543 4108 278.

493 4156 663 4222 1’372
756 4161 1068 4237 Anonos,
1128 4159 1295 4236 regis
1353 4157 1669 4221 Danorum
1728 4160 2057 4238 pincerna,
2118 4159 2284 4220 bona
2339 4173 2452 4220 sua
2518 4159 2727 4220 omnia
2784 4159 2845 4218 in
2906 4156 3206 4220 Stenlosae
3268 4160 3464 4220 macta

188 4271 345 4337 prope
388 4261 699 4324 erebro
744 4262 819 4323 ad
868 4260 1244 4340 aquilonem,
1292 4263 1435 4323 item
1483 4263 1723 4324 tertiam
1771 4267 2007 4341 partem
2034 4261 2389 4339 Lyngaeorae
2438 4266 2498 4322 et
2541 4261 2905 4323 tantundem
2951 4261 3014 4321 in
3046 4261 3274 4338 Alryth,
3325 4279 3459 4339 quae

189 4363 427 4433 possedit
469 4363 759 4426 dominus
802 4365 1077 4427 lacobus
1125 4365 1399 4427 Sunonis
1444 4365 1629 4445 fliius,
1688 4381 1802 4444 pro
1847 4364 2033 4426 bonis
2080 4365 2438 4426 monasterii
2489 4380 2773 4426 sororum
2823 4363 3016 4425 beatae
3067 4363 3244 4424 Clare
3296 4365 3458 4425 Ros-

189 4461 331 4525 kildis
376 4468 747 4530 recinsarum
794 4469 856 4528 in
902 4468 1345 4544 Walengswith
1392 4473 1721 4548 permutat.
1774 4502 1850 4513 --
1896 4465 2163 4540 Elekolm,
2212 4465 2351 4528 idus
2397 4467 2561 4528 Julii.

746 4569 943 4632 mlier,
982 4569 1469 4634 Foru-nandungar
1504 4568 1729 4621 rorando
1764 4567 1988 4625 Balland
2022 4569 2073 4619 S.
2113 4569 2194 4623 17.

1681 4815 1928 4899 1261.

478 4965 657 5031 1055,
748 4963 809 5016 0.
846 4963 1071 5019 Hielsen.
1110 4963 1345 5028 samung
1380 4963 1437 5015 a!
1465 4963 1775 5019 Alkomter
1811 4977 1857 5014 e.
1896 4979 1937 5014 s.
1976 4979 2022 5014 v.
2062 4965 2139 5014 for
2177 4963 2304 5016 Bibe
2341 4963 2664 5028 nomkapitol
2701 4967 2752 5016 S.
2789 4965 2872 5018 84.

474 5065 655 5131 1056,
750 5065 956 5117 Brndst.
993 5069 1011 5116 Ι
1048 5067 1397 5131 westphaion,
1436 5065 1771 5118 Monumenta
1810 5066 1887 5117 111.
1927 5067 2071 5118 Ρτωῐ.
2112 5067 2162 5116 S.
2198 5066 2281 5119 58.

286 5249 475 5317 aegest.
510 5253 639 5306 Dan.
675 5253 739 5306 11.
776 5253 887 5306 Ser.
927 5208 963 5304 1.
3044 5186 3110 5239 1⁰

3579 497 3829 616 1259..

3520 659 3570 714 5.
3609 659 3811 731 Septbr.

3523 779 3606 833 28.
3644 780 3826 853 Deobr.

3498 1501 3898 1570 1259-1286.

3589 2056 3611 2118 1
3624 2051 3770 2117 260.

3533 2187 3614 2241 14.
3653 2188 3836 2240 Martii.

3533 2679 3617 2733 29.
3655 2680 3837 2732 Martii.

3535 2783 3616 2836 12.
3655 2784 3785 2846 Hali.

3536 3570 3616 3625 13.
3656 3571 3787 3633 Maii.

3537 3673 3618 3727 11.
3654 3675 3814 3725 lunii.

3534 4167 3614 4223 15.
3651 4169 3790 4220 luni.

3581 4833 3764 4900 1261.

3523 4969 3570 5024 7.
3607 4972 3816 5023 Januar.

3521 5073 3568 5126 7.
3607 5073 3752 5124 Febr.
