4275 5759
1475 341 2155 415 Mammam-amno.
3332 350 3478 420 239

1689 619 1942 703 1336.

447 806 664 873 *1666.
751 805 1060 869 Nicomus
1107 804 1184 865 de
1232 805 1442 884 Gsvvi,
1500 802 1771 864 vasallus
1819 804 1986 877 regis
2031 797 2273 881 Daciae,
2327 802 2630 883 declarat,
2693 821 2761 865 se
2811 804 3121 881 siliginem
3171 803 3478 882 quandam

183 912 422 989 episcopi
467 909 856 972 Revaliensis
903 924 1328 969 mensurasse.
1377 940 1460 953 --
1507 906 1576 966 ln
1625 904 1958 985 epiphania
2003 904 2276 966 Domini.

755 1012 952 1073 Bange,
989 1009 1146 1068 Liv.-,
1184 1008 1359 1058 Esth.-
1399 1020 1451 1058 u.
1488 1006 1901 1059 Curundisches
1935 1004 2277 1058 Urkundenb.
2316 1007 2376 1057 11.
2413 1006 2669 1061 289-90.

445 1130 662 1197 *1667.
753 1130 1026 1208 MAoflns,
1077 1129 1338 1208 Sueciae,
1387 1126 1708 1205 Norvegiae
1745 1132 1808 1187 et
1841 1127 2080 1188 Scaniae
2122 1144 2249 1207 rex,
2298 1128 2597 1189 Halstano
2632 1127 2987 1189 Paetarsson
3027 1146 3201 1189 suam
3241 1135 3477 1208 partem

181 1234 510 1313 praediorum
556 1236 620 1295 in
666 1233 914 1314 oppidis
953 1231 1472 1309 Kyrningzbueen
1521 1234 1583 1289 et
1618 1228 1989 1308 Sadaratorp
2035 1230 2099 1288 in
2146 1232 2621 1307 possessionem
2669 1237 3033 1310 perpetuam
3081 1232 3347 1292 confert.
3401 1265 3477 1274 —

179 1338 238 1396 In
273 1343 446 1396 castro
490 1336 894 1415 Wardboerylt,
942 1334 1041 1396 die
1087 1334 1364 1396 Marcelli
1411 1348 1569 1411 pape
1617 1338 1679 1393 et
1721 1332 2031 1409 martyris.

752 1436 885 1501 Dipl.
924 1438 1162 1497 Svecan„
1200 1434 1279 1486 ed.
1319 1435 1373 1486 Β.
1401 1434 1460 1484 Ε.
1489 1432 1811 1485 Hlldebrand
1845 1432 1924 1482 lv.
1962 1432 2219 1487 475-76.

452 1558 673 1623 *1668.
763 1556 1036 1637 ΜΑσιιυε,
1083 1557 1346 1634 Sueciae‚
1395 1555 1632 1616 Scaniae
1669 1560 1731 1615 et
1764 1552 2086 1632 Norvegiae
2122 1572 2251 1633 rex,
2300 1554 2641 1617 Finuidiam
2681 1556 3173 1619 inhabitantibus
3210 1557 3480 1645 mandat,

179 1669 230 1723 111
287 1660 688 1723 exhibitiones
757 1659 1136 1737 ordinarias,
1204 1656 1705 1735 laghaevtgerdhe
1767 1655 2002 1735 dictas,
2071 1657 2349 1719 nondum
2414 1658 2686 1737 solutaS,
2754 1676 2795 1719 a
2852 1659 3105 1721 domino
3165 1660 3480 1722 Gozstauo

177 1762 454 1825 Nielisson
524 1762 809 1841 requisiti
876 1760 953 1823 ad
1022 1768 1297 1824 castrum
1354 1758 1784 1838 Wardhyergh
1853 1758 2154 1820 deferant.
2223 1794 2307 1804 —
2372 1760 2449 1820 In
2506 1766 2697 1821 castro
2756 1762 3188 1841 Warctbyerqh,
3256 1762 3357 1823 die
3418 1762 3479 1823 b.

179 1864 358 1927 Prisce
399 1866 676 1941 virginis.

753 1965 887 2031 Dipl.
910 1966 1150 2025 Svecan„
1181 1964 1262 2016 ed.
1289 1965 1346 2015 B.
1367 1964 1424 2015 E.
1445 1963 1762 2015 Hudobrand
1792 1963 1870 2015 lV.
1901 1963 2016 2017 476.
2085 1964 2283 2023 Moller,
2313 1964 2803 2028 Foru-Handlingar
2828 1964 3055 2017 rorando
3076 1966 3296 2017 ualland
3325 1966 3376 2017 S.
3396 1966 3480 2021 63.

469 2086 659 2153 2132,
748 2085 959 2139 Brndst.
997 2088 1017 2137 1
1049 2084 1408 2151 westphalen,
1446 2084 1786 2135 Monumenta
1820 2083 1904 2144 111,
1944 2084 2089 2135 Praef.
2131 2084 2183 2135 S.
2212 2082 2298 2138 58.

443 2205 662 2273 *1669.
750 2207 1097 2270 Nicuomus
1165 2207 1428 2267 German
1499 2206 1932 2282 recognoscit,
2017 2222 2086 2266 se
2167 2221 2281 2284 pro
2349 2206 2562 2267 fractis
2636 2211 2698 2267 et
2768 2206 2949 2267 factis
3024 2208 3157 2268 suis
3227 2206 3482 2268 domino

3604 616 3791 681 1336.

3550 805 3597 857 6.
3634 805 3847 855 Januar.

3552 1130 3635 1184 16.
3670 1131 3880 1180 Januar.

3554 1556 3634 1609 18.
3671 1558 3882 1607 Januar.

3550 2086 3635 2141 28.
3670 2086 3885 2139 Ianuar.

3552 2206 3636 2261 28.
3673 2206 3887 2262 Ianuar.

180 2310 451 2372 Gozstauo
487 2310 807 2372 Niclisson
851 2308 982 2373 400
1014 2325 1258 2370 marcas
1305 2307 1702 2369 denariorum
1745 2306 2115 2386 contulisse,
2162 2308 2556 2387 promittens,
2606 2326 2675 2370 se
2722 2308 2955 2370 nullam
3003 2326 3277 2387 unquam
3326 2327 3481 2387 que·
3542 2386 3557 2401 .

179 2413 464 2474 rimoniam
511 2415 572 2472 in
621 2412 857 2476 dictum
905 2412 1226 2475 dominum
1265 2412 1644 2473 Gozstauum
1692 2427 1764 2471 ex
1798 2410 1956 2470 actis
1994 2409 2369 2487 supradictis
2417 2412 2825 2474 excitaturum
2863 2428 3029 2473 esse.
3071 2447 3145 2456 —
3185 2410 3260 2471 In
3292 2418 3484 2471 castro

191 2514 584 2595 Wardbioerylz,
633 2515 947 2578 dominica
991 2520 1134 2575 ante
1180 2512 1692 2593 purificacionem
1737 2512 1799 2574 b.
1849 2512 2147 2589 Virginis,

753 2617 884 2682 Dipl.
915 2618 1155 2676 Svecan„
1185 2614 1262 2667 ed.
1294 2615 1348 2665 B.
1369 2614 1427 2665 Ε.
1448 2612 1769 2665 Hssdebrand
1795 2612 1874 2663 IV.
1907 2611 2024 2666 476.
2093 2614 2291 2674 noller,
2323 2613 2815 2681 Foru-Handlingar
2833 2615 3059 2668 rorando
3080 2617 3298 2668 ualland
3326 2622 3378 2668 s.
3398 2616 3480 2671 64.

445 2738 665 2803 *1670.
755 2738 1102 2802 Nmuotms
1147 2740 1588 2814 Aaroamson,
1646 2734 1916 2815 dapifer,
1977 2740 2040 2795 et
2085 2735 2390 2807 Emmaus
2440 2734 2817 2815 Mum-asor«,
2876 2737 3259 2800 marscalcus
3317 2739 3483 2814 regis

182 2841 416 2921 sueciae,
461 2841 784 2919 Norvegioe
831 2849 893 2903 et
939 2842 1211 2920 Scaniae,
1259 2830 1597 2917 testantur,
1657 2837 1985 2900 Nicolaum
2032 2836 2285 2917 Nipretz
2344 2844 2405 2898 et
2451 2838 2895 2901 Gutsszercum
2943 2839 3223 2901 Jonsson
3271 2858 3479 2901 coram

182 2960 238 3003 se
279 2961 480 3008 omnes
526 2963 596 3007 ex
645 2945 1147 3023 quibuscumque
1200 2944 1410 3005 causis
1457 2946 1626 3003 ortas
1680 2941 2140 3002 controversias
2191 2940 2537 3003 secundum
2596 2941 2833 3003 litteras
2891 2942 3008 3003 bac
3067 2942 3143 3004 de
3201 2960 3267 3005 re
3325 2960 3481 3004 con-

179 3046 348 3109 fectas
389 3048 846 3129 composuisse.
895 3082 970 3091 —
1023 3044 1472 3125 Helsinqboryk‚
1523 3045 1621 3106 die
1667 3044 2134 3123 purificacionis
2182 3049 2399 3105 sancte
2442 3042 2638 3106 Marie
2683 3045 2962 3122 virginis.

754 3149 888 3214 Dipl.
925 3149 1165 3210 Svecan„
1199 3147 1280 3200 ed.
1318 3148 1373 3198 B.
1407 3146 1466 3197 E.
1499 3146 1817 3197 Hildebrand
1851 3144 1931 3197 lv.
1970 3144 2226 3198 477—78.

447 3269 664 3335 *1671.
755 3270 1136 3333 Nicuomuus
1173 3270 1510 3331 Esxitssou
1549 3266 1624 3329 de
1659 3266 1858 3346 Wyka
1891 3264 2234 3328 Benedicto
2270 3266 2599 3327 Eskilsson
2642 3270 2877 3329 curiam
2914 3284 3092 3329 suam
3129 3269 3191 3328 in
3228 3268 3479 3347 Ekyrith

179 3387 274 3447 pro
308 3372 384 3437 15
411 3375 638 3435 marcis
673 3373 1071 3435 denariorum
1107 3388 1410 3434 novorum
1449 3370 1910 3448 Skaniensium,
1952 3370 2016 3429 in
2052 3370 2335 3447 proximo
2374 3369 2603 3449 placito
2638 3375 2784 3449 post
2818 3370 3045 3431 festum
3084 3388 3135 3431 S.
3177 3371 3482 3432 Johannis

179 3470 426 3552 baptistae
469 3476 922 3555 persolvendis,
970 3476 1366 3555 impignorat.
1416 3506 1496 3517 —
1541 3472 1613 3533 In
1659 3472 1758 3535 die
1805 3472 1998 3534 Blasii
2043 3472 2335 3533 martiriS.

754 3577 886 3642 Dipl.
925 3578 1164 3636 Svecan„
1210 3576 1292 3628 ed.
1333 3578 1386 3629 Β.
1413 3576 1472 3630 Ε.
1500 3575 1823 3629 uudehrnnd
1855 3574 1938 3625 IV.
1975 3572 2231 3628 479—80.
2316 3575 2523 3633 noller,
2571 3574 3060 3640 Fora-Handlingar
3096 3577 3322 3628 rorando
3359 3576 3482 3627 Hal-

756 3662 884 3714 land
919 3663 972 3715 S.
1000 3662 1084 3717 64.

473 3782 663 3849 2133,
753 3783 886 3849 Dlpl.
926 3784 1164 3843 Svecan„
1201 3782 1283 3833 ed.
1320 3782 1375 3832 B.
1407 3780 1464 3831 E.
1495 3779 1816 3832 Etldehrand
1849 3781 1929 3832 IV.
1967 3780 2224 3835 483—84.

473 3886 664 3951 2134,
755 3886 1055 3946 Michelsen,
1093 3884 1590 3937 Urkundensamml.
1631 3884 1690 3935 11.
1733 3882 2013 3941 186-87.,

474 3989 664 4055 2137,
755 3989 887 4054 Dipl.
927 3991 1164 4048 Svecan„
1202 3988 1282 4040 ed.
1321 3989 1376 4039 B.
1406 3988 1464 4038 Ε.
1494 3987 1815 4038 Hildebrand
1849 3985 1928 4037 lv.
1965 3986 2256 4040 501—502,

453 4092 670 4161 Ὶ’1672
764 4093 1090 4155 Wirnnrus
1155 4092 1482 4170 Lurzows,
1551 4090 1766 4169 miles,
1835 4092 2271 4169 recognoscit,
2344 4108 2410 4152 se
2469 4089 2799 4151 abbatissae
2860 4099 2921 4151 et
2990 4091 3362 4153 monialibus
3420 4092 3482 4151 in

178 4192 433 4257 Gudbem
488 4198 687 4259 teneri
742 4197 807 4256 in
863 4194 949 4260 34
1005 4195 1230 4256 marcis
1288 4194 1426 4274 puri
1485 4195 1726 4271 argenti
1782 4194 2020 4254 ratione
2079 4193 2433 4255 reddituum
2490 4209 2603 4271 per
2662 4211 2730 4253 se
2787 4195 2849 4253 in
2910 4192 3108 4254 tribus
3169 4196 3349 4253 annis
3407 4193 3483 4254 de

176 4294 332 4359 bonis
377 4300 735 4361 monialium
781 4300 845 4359 in
884 4299 1134 4361 Meonia
1179 4298 1315 4359 sitis
1362 4302 1801 4376 perceptorum
1851 4294 2213 4375 obligatum,
2265 4296 2716 4375 promittitque,
2766 4312 2833 4356 se
2882 4298 2943 4355 in
2992 4296 3154 4356 festo
3201 4296 3483 4375 proximo

176 4394 310 4461 beati
343 4402 666 4466 Michaelis
711 4404 778 4463 in
824 4404 1066 4464 civitate
1102 4399 1583 4477 Haelsingborgb
1631 4400 1793 4460 hanc
1841 4416 2149 4460 summam
2191 4400 2443 4461 domino
2480 4398 2724 4460 Kanuto
2760 4398 3086 4460 Folkaeson
3134 4399 3482 4460 soluturum

178 4517 313 4565 esse.
355 4540 440 4549 —
484 4505 876 4585 stoeloeborqh,
925 4504 1240 4566 dominica
1285 4506 1502 4564 sancte
1547 4502 1886 4562 Trinitatis.

757 4606 891 4672 Dlpl.
930 4608 1170 4665 Svecan„
1207 4604 1285 4656 ed.
1326 4605 1381 4655 B.
1410 4604 1468 4654 Ε.
1496 4602 1819 4655 Hildebrand
1853 4604 1932 4654 lv.
1969 4602 2086 4657 502.
2162 4604 2675 4669 Meklenburgisches
2711 4603 3050 4656 Urkundenb.
3089 4600 3213 4654 vul.
3252 4602 3368 4655 600.

447 4710 666 4775 *1673.
759 4710 1086 4774 Wn’snws
1130 4709 1440 4787 Liuzows,
1497 4708 1710 4786 miles,
1771 4709 2205 4786 recognoscit,
2260 4726 2329 4771 se
2374 4709 2707 4769 abbatissae
2756 4710 2991 4785 totique
3039 4707 3375 4768 conventui
3420 4706 3483 4765 in

177 4810 465 4875 Gudebem
523 4816 588 4875 in
645 4815 897 4891 uiginta
955 4814 1184 4874 marcis
1229 4813 1369 4891 puri
1415 4812 1658 4889 argenti
1702 4812 1900 4871 teneri
1946 4816 2008 4871 et
2053 4828 2199 4873 esse
2256 4810 2633 4890 obligatum,
2693 4826 2953 4889 quarum
3010 4826 3047 4871 a
3100 4810 3263 4872 festo
3320 4808 3482 4869 beati

177 4910 466 4978 Michaelis
513 4918 795 4995 proximo
841 4916 1005 4978 ultra
1047 4915 1125 4977 ad
1170 4920 1299 4977 tres
1346 4930 1547 4976 annos
1595 4919 1932 4991 sequentes
1981 4916 2318 4992 quotannis
2366 4913 2583 4975 decem
2620 4930 2863 4975 marcas
2905 4913 3158 4975 domino
3195 4910 3483 4973 Canutho

179 5014 446 5084 Folksson
483 5022 549 5081 in
585 5019 1045 5097 Belsingborcb
1082 5035 1153 5079 se
1189 5017 1540 5081 soluturum
1577 5033 1720 5080 esse
1755 5018 2080 5098 promittit.
2119 5052 2201 5062 —
2240 5016 2603 5096 Steloeborch,
2654 5016 2753 5078 die
2792 5018 3107 5079 dominice
3141 5014 3480 5075 Trinitatis.

760 5121 890 5191 Dipl.
918 5122 1156 5183 Svecan„
1193 5120 1273 5173 ed.
1305 5120 1360 5172 B.
1389 5120 1446 5172 Ε.
1477 5121 1794 5173 flssdebrand
1823 5120 1902 5172 lV.
1929 5120 2218 5175 502—503.
2292 5120 2807 5183 sseklenburgisches
2834 5118 3173 5170 Urltnndeub.
3206 5116 3335 5170 vill.
3361 5116 3479 5171 599.

3552 2736 3600 2789 2.
3641 2736 3786 2787 Febr.

3550 3268 3600 3321 3.
3640 3268 3785 3319 Febr.

3540 3782 3640 3874 Ι27.
3678 3783 3823 3834 Febr.

3554 3885 3602 3937 4.
3640 3886 3825 3936 Martii.

3552 3988 3636 4041 20.
3678 3988 3807 4049 Mali.

3553 4090 3635 4143 26.
3675 4091 3805 4149 Mali.

3552 4707 3638 4761 26.
3676 4709 3807 4770 Mali.
