4275 5759
1308 389 1527 462 KoNc
1582 391 1770 462 Eam
1824 413 1911 462 Ar
1964 390 2336 464 Pomsim.
3338 395 3488 465 495

150 663 379 724 saltem
426 665 563 725 vico
620 664 987 726 intermedio
1034 666 1327 742 contigue
1372 664 1451 725 ad
1494 665 1765 727 australe
1812 667 1978 745 sitae,
2038 666 2114 726 ad
2161 643 2412 741 triginta
2453 681 2655 726 annos
2701 665 3096 743 impignorat.
3145 696 3226 708 —
3271 663 3386 724 Die
3433 680 3485 723 s.

154 764 423 841 Remigii
472 774 535 826 et
580 765 832 828 vedasti
877 766 1264 846 pontificum.

772 869 831 920 0.
860 870 1085 932 Nlelssn,
1122 870 1492 932 nubentium
1524 869 1957 936 Diplomatarinm
1994 869 2052 921 ll.
2088 869 2311 922 30—-32
2385 869 2592 920 Brndst.
2631 868 2891 928 innuen,
2929 867 3036 918 Den
3076 865 3272 918 danske
3302 868 3486 918 Pante-

768 960 877 1006 rets
912 956 1043 1007 illst.
1082 957 1132 1006 S.
1165 955 1279 1010 175.

460 1089 679 1155 *3793
770 1091 1079 1156 MAnruws
1150 1095 1553 1156 Gonncnsson
1616 1094 1767 1154 civis
1840 1094 2176 1154 Hafnensis
2249 1091 2590 1154 Alexandro
2658 1093 2930 1153 Jensson
3001 1093 3236 1152 curiam
3309 1107 3484 1152 suam

145 1193 507 1255 immediate
544 1196 722 1272 juxta
764 1197 1137 1258 cimiterium
1182 1196 1349 1257 beati
1394 1197 1678 1260 Nicholai
1726 1197 1961 1257 Hamiae
2008 1195 2085 1255 ad
2132 1196 2432 1257 occidens
2479 1197 2640 1256 inter
2685 1194 2900 1255 ambas
2953 1195 3186 1272 plateas
3245 1196 3485 1270 regales

146 1297 334 1356 sitam
380 1296 612 1358 vendit.
658 1331 741 1342 —
790 1299 1011 1375 Vigilia
1053 1305 1256 1378 apost.
1308 1301 1595 1378 Symonis
1642 1305 1703 1360 et
1747 1299 1928 1360 Jude.

769 1402 827 1450 0.
856 1401 1085 1461 melseo,
1122 1401 1493 1464 Kjahenhavns
1534 1401 1967 1466 Dlplomatarinm
2003 1400 2063 1453 11.
2100 1401 2184 1456 32.

459 1537 677 1602 *3794
767 1539 1121 1602 Lscnoami
1167 1541 1548 1602 Auaticorum
1604 1539 1666 1599 in
1719 1539 1914 1599 Dania
1966 1539 2042 1599 ad
2101 1549 2386 1600 senatum
2435 1540 2609 1614 regni
2661 1539 2890 1613 Angliae
2940 1539 3154 1598 litterae
3202 1536 3277 1598 de
3325 1556 3482 1600 con·

144 1638 493 1701 ditionibus
541 1643 919 1703 matrimonii
962 1644 1122 1703 inter
1166 1643 1440 1721 Ericum,
1497 1658 1709 1718 regem
1758 1641 1994 1719 Daniae,
2053 1649 2115 1702 et
2159 1641 2528 1721 Philippam,
2589 1642 2825 1701 sororis
2886 1642 3050 1717 regis
3097 1643 3353 1716 Angliae.
3403 1675 3485 1686 -

144 1741 216 1800 In
268 1744 461 1802 Dacia
506 1745 673 1821 apud
716 1744 1136 1824 Elsinqburyh‚
1186 1744 1465 1808 secundo
1512 1745 1609 1805 die
1658 1745 1895 1805 mensis
1942 1744 2333 1806 Novembris,

766 1847 925 1912 Royal
960 1848 1065 1899 and
1099 1847 1372 1901 historica!
1408 1848 1586 1899 letters
1624 1846 1815 1910 during
1853 1842 1941 1897 the
1976 1849 2122 1910 reign
2163 1847 2218 1897 oi
2251 1846 2421 1910 ilenry
2455 1846 2546 1896 the
2582 1843 2759 1896 fourth
2797 1845 2848 1897 S.
2880 1844 3133 1900 117-21.

457 1981 672 2048 *3795
766 1986 1020 2047 Articuli
1069 2003 1259 2066 super
1304 1992 1566 2047 tractatu
1612 1986 1687 2046 de
1733 1986 2130 2046 matrimonio
2179 1983 2606 2046 contrahendo
2665 1984 2827 2044 inter
2873 1983 3096 2046 Emeum
3155 2001 3364 2061 regem
3425 1992 3487 2045 et

142 2084 513 2164 Pmmrrm,
582 2086 769 2148 filiam
828 2087 1077 2149 Henrici
1141 2091 1306 2166 regis
1364 2089 1634 2167 Angliae,
1702 2105 1951 2150 necnon
2020 2089 2400 2169 principem,
2471 2087 2790 2147 dominum
2851 2087 3221 2164 ilenricum,
3291 2087 3481 2149 illium

142 2189 631 2266 primogenitum
686 2190 940 2253 Henrici
999 2193 1164 2268 regis
1224 2191 1493 2270 Anguis,
1550 2199 1613 2251 et
1666 2190 2055 2270 Katerinam,
2114 2207 2398 2254 sororem
2457 2189 2622 2251 Erici
2677 2189 2842 2266 regis
2904 2189 3135 2251 Danioe.
3197 2223 3278 2236 -
3335 2191 3481 2253 Sine

145 2307 311 2352 anno
362 2298 425 2353 et
470 2290 591 2353 dle.
763 2377 921 2442 noy-¹²¹
956 2379 1061 2430 and
1094 2377 1368 2430 mum-1001
1403 2377 1584 2431 letters
1622 2379 1812 2443 during
1848 2379 1939 2432 the
1974 2382 2122 2443 reign
2161 2379 2217 2432 of
2249 2379 2421 2442 fleury
2453 2377 2544 2429 the
2579 2376 2760 2428 fourth
2798 2379 2850 2428 S.
2880 2377 3135 2432 125—28.

453 2514 672 2580 *3796.
766 2517 933 2579 Eruci
978 2518 1143 2594 regis
1188 2518 1267 2579 ad
1302 2518 1639 2580 Henricum
1679 2519 1804 2598 1V.,
1853 2535 2065 2594 regem
2100 2518 2360 2596 Angliae,
2407 2518 2647 2595 litteroe,
2695 2518 2759 2577 in
2808 2517 3033 2593 quibus
3082 2518 3310 2593 gratias
3357 2519 3486 2594 agit

143 2633 255 2695 pro
314 2618 765 2698 multiplicibus
820 2619 1133 2682 favoribus
1190 2621 1411 2698 legatis
1469 2623 1601 2682 suis
1660 2623 1721 2681 in
1782 2620 2061 2696 Angliam
2120 2619 2410 2682 exhibitis
2469 2626 2530 2681 et
2587 2626 2826 2699 sperat,
2890 2620 3142 2696 negotia
3197 2621 3363 2696 regis
3423 2627 3486 2680 et

145 2721 668 2783 ambassiatorum
726 2724 861 2801 ejus
918 2721 1085 2784 hona
1129 2729 1190 2785 et
1248 2725 1493 2785 sincera
1536 2725 1704 2802 sore3
1763 2729 1969 2784 certos
2026 2723 2325 2785 articulos
2381 2725 2677 2802 proponit
2732 2729 2794 2784 et
2847 2724 3194 2800 proximum
3252 2723 3480 2785 festum

146 2825 516 2886 visitationis
582 2824 643 2886 b.
703 2825 908 2886 Mariae
976 2827 1232 2904 virginis
1290 2825 1370 2901 (2.
1431 2826 1593 2900 Julii)
1663 2843 1777 2907 pro
1840 2827 2104 2888 termino
2163 2825 2593 2888 conclusionis
2660 2826 3037 2887 matrimonii
3103 2825 3338 2887 limitat.
3400 2860 3481 2872 —

146 2925 217 2984 In
258 2935 453 2986 castro
494 2933 689 2986 nostro
737 2927 1147 3008 Helsinqbory,
1196 2933 1471 2990 crastino
1518 2929 2131 3013 commemorationis
2179 2929 2559 2991 Animarum.

760 3030 919 3095 Royal
945 3030 1051 3082 and
1077 3031 1349 3084 historical
1376 3031 1555 3084 letters
1586 3032 1775 3095 during
1804 3031 1893 3083 the
1922 3033 2071 3096 reign
2101 3031 2159 3082 of
2181 3031 2352 3095 fleury
2380 3030 2471 3082 the
2499 3031 2678 3083 fourth
2709 3031 2760 3082 S.
2783 3029 3036 3085 121-25.
3102 3030 3477 3098 Sill'verstolpe,

762 3116 988 3168 Svenskt
1023 3117 1359 3182 Dlplomatar.
1397 3117 1435 3168 l.
1474 3117 1727 3172 176-77.

450 3252 668 3318 *3797.
760 3253 1170 3334 Mammium,
1244 3255 1617 3318 Waldemari
1692 3255 2007 3319 Danorum
2076 3257 2246 3332 regis
2311 3254 2485 3333 flliae,
2553 3254 2631 3316 ad
2697 3255 3033 3316 Heni-icum
3097 3255 3196 3316 lV.
3267 3273 3478 3333 regem

148 3356 377 3430 Angliae
438 3356 686 3436 litterae,
744 3358 807 3417 in
867 3357 1092 3435 quibus
1151 3358 1207 3420 ei
1263 3360 1495 3436 gratias
1552 3361 1678 3436 agit
1732 3375 1845 3437 pro
1901 3359 2247 3421 benefactis
2295 3357 2475 3420 Petro
2525 3358 2763 3438 Lache,
2823 3357 3275 3435 archidiacono·
3312 3357 3477 3420 Ros-

148 3456 431 3537 kildensi‚
480 3459 786 3521 exhibitis.
834 3493 919 3505 —
965 3459 1039 3519 In
1081 3468 1271 3521 castro
1319 3461 1768 3540 Helsinqborqh,
1820 3508 1879 3522 ..
1911 3508 1924 3522 .
1975 3461 2072 3523 die
2120 3461 2358 3522 mensis
2387 3459 2794 3526 Novembris.

757 3561 917 3627 Royal
943 3560 1049 3613 and
1073 3562 1346 3615 historical
1373 3562 1555 3615 letters
1583 3563 1773 3627 during
1800 3561 1892 3614 the
1918 3565 2065 3627 reign
2098 3564 2154 3615 oi·
2183 3567 2350 3628 ilenry
2377 3563 2468 3615 the
2495 3563 2674 3615 fourth
2703 3564 2754 3615 S.
2778 3563 3034 3618 128-30.
3101 3563 3478 3628 Siitverstolpe²

758 3647 983 3699 Svenskt
1018 3647 1355 3713 Diplomatar.
1393 3649 1428 3700 1.
1466 3647 1721 3702 177-78.

446 3765 666 3832 *37.98
759 3767 1004 3830 ΒΛΑοΕτ
1049 3771 1071 3830 i
1114 3769 1299 3833 Vissr
1353 3769 1544 3832 heder
1590 3769 1825 3832 Raadet
1874 3771 1891 3830 i
1941 3767 2127 3832 Reval
2186 3779 2249 3831 at
2299 3771 2524 3850 hjaelpe
2570 3771 2782 3832 Hinric
2829 3769 3061 3832 Kolner
3118 3772 3182 3831 til
3238 3778 3300 3832 at
3355 3773 3473 3850 faa,

149 3869 297 3931 hvad
344 3870 466 3931 den
514 3868 735 3932 afdade
784 3872 989 3933 Arend
1038 3871 1275 3935 Beuere
1322 3872 1567 3952 skylder
1603 3873 1892 3952 Gotswyn
1927 3873 2306 3935 Hulczeman
2353 3875 2448 3935 fra
2489 3873 2701 3952 Vishy.
2739 3908 2822 3917 —
2858 3873 2985 3935 Des
3033 3874 3476 3936 sannauendes

148 3989 224 4032 na
265 3973 383 4035 alle
432 3971 685 4036 Ghodes
730 3974 940 4051 hilgen
989 3976 1211 4053 daghe.
3098 3976 3475 4055 (Plattydsk.)

759 4076 1137 4142 siliverstolpe,
1178 4078 1404 4130 Svenskt
1437 4077 1774 4143 Diplomatar.
1813 4077 1851 4128 Ι.
1888 4077 2140 4134 178-79.

412 4195 668 4261 ·*3799.
758 4196 1039 4277 Minuta,
1113 4200 1447 4277 imperator
1514 4199 1929 4280 Romeorum,
2008 4195 2430 4281 Piuotocus,
2508 4199 2870 4276 Margaretae
2948 4201 3176 4276 reginae
3244 4199 3475 4280 Deciis,

152 4297 376 4360 Sueciae
425 4305 489 4360 et
524 4300 845 4376 Norvegiae
882 4319 1130 4380 parvam
1175 4302 1536 4381 particulam
1588 4310 1819 4364 sanctae
1868 4304 2092 4365 tunicae
2133 4305 2334 4384 ipsius
2370 4304 2782 4383 redemptoris
2820 4303 3018 4364 nostri
3056 4303 3206 4365 Jesu
3244 4302 3476 4365 Christi

150 4403 521 4464 transmittit.
572 4437 651 4448 --
696 4403 982 4482 Parisiis,
1031 4404 1127 4466 die
1172 4405 1295 4467 XX.
1344 4403 1997 4485 Novembris‚.indict.
2044 4407 2117 4468 X.

756 4507 813 4557 N.
842 4501 893 4557 F.
926 4505 990 4557 de
1026 4507 1296 4567 Gndenus,
1336 4507 1532 4571 sylloge
1568 4507 1601 4559 1.
1638 4521 1749 4559 var.
1786 4508 2001 4572 diplom.
2040 4509 2092 4560 S.
2122 4509 2377 4565 663—65.

446 4627 667 4692 ¹3800.
757 4627 1019 4708 Baalim,
1087 4627 1322 4706 Hertug
1390 4628 1457 4690 til
1515 4630 1737 4700 Stettin
1799 4647 1879 4708 og
1936 4631 2147 4710 Fyrste
2215 4631 2282 4692 til
2342 4630 2592 4711 Rygen‚
2658 4629 2916 4707 indgaar
2981 4646 3100 4710 paa
3165 4647 3324 4706 egne
3392 4647 3474 4707 og

156 4725 459 4791 Broderen
514 4731 751 4809 Hertug
805 4730 1171 4793 Wartislavs
1219 4731 1429 4807 Vegne
1490 4732 1778 4795 Forbund
1837 4733 1977 4796 med
2034 4735 2215 4810 Kong
2262 4735 2406 4795 Erik
2463 4751 2543 4811 og
2600 4734 2926 4810 Dronning
2971 4732 3340 4810 Margrethe.
3390 4767 3472 4779 —

154 4829 593 4913 Helsinqboryh‚
639 4834 703 4896 in
749 4841 931 4896 sunte
980 4833 1254 4896 Cecilien
1300 4834 1541 4897 auende
1589 4836 1698 4898 der
1743 4835 2001 4914 hilghen
2037 4839 2463 4915 juncvrowen.
3201 4835 3472 4916 (Tydsk.)

756 4937 1133 5002 Siliverstolpe,
1172 4938 1398 4989 Svenskt
1431 4938 1769 5004 Diplomatar.
1808 4939 1843 4991 1.
1882 4938 2133 4994 183—84.
2867 4969 2870 4972 ·

3615 558 3800 622 1402.

3555 1090 3638 1143 27.
3677 1090 3886 1143 Octobr.

3554 1539 3602 1591 2.
3642 1539 3828 1590 Novhr.

3555 1986 3613 2038 C.
3650 1987 3707 2040 2.
3738 1987 3927 2039 Novhr.

3551 2517 3600 2571 3.
3639 2519 3680 2568 N
3684 2519 3826 2571 ovhr.

3551 3257 3635 3322 (3.)
3671 3259 3860 3312 Novbr.

3548 3773 3596 3828 4.
3634 3775 3822 3827 Novbr.

3543 4201 3627 4256 20.
3666 4201 3858 4258 Novhr.

3542 4631 3626 4686 21.
3663 4632 3850 4684 Novbr.

447 5055 666 5122 *3801.
756 5056 1042 5138 Riciam,
1090 5060 1371 5139 episcopi
1419 5059 1876 5139 BangorensiS,
1936 5067 1997 5123 et
2041 5061 2330 5125 lominus
2375 5059 2681 5142 Patimur,
2738 5059 3256 5122 ambassiatorum
3302 5062 3470 5137 regis
3538 5061 3623 5115 25.
3660 5062 3850 5114 Novbr-

156 5159 375 5238 Anglioe
420 5161 484 5220 in
532 5161 823 5240 Daniam,
872 5161 947 5222 ad
996 5170 1283 5224 senatum
1328 5163 1657 5240 Anglicum
1702 5164 1919 5225 litterae
1966 5165 2042 5226 de
2086 5165 2366 5228 articulis
2420 5164 2846 5245 proponendis
2899 5164 2961 5224 in
3019 5180 3212 5226 causa
3255 5165 3467 5226 matri-
