4275 5759
1537 390 2222 463 Mammas-sesamo.
3400 398 3547 470 235

547 664 738 730 2114,
829 663 1160 729 schoppacb,
1198 662 1686 728 Hennebergtsches
1720 662 2058 716 Urkundenb.
2097 663 2157 715 11.
2194 664 2414 720 11—12.
3623 562 3905 719 291.3J{{11.

520 799 740 866 *1635
834 802 1206 881 Gnssnssm,
1255 801 1504 863 comitis
1549 798 1866 861 Holtzacie
1914 804 1974 862 et
2023 802 2380 881 Stormarie,
2430 819 2679 864 necnon
2724 803 2990 864 Esaiam
3040 802 3114 863 de
3152 800 3554 866 Baucnooars
3626 801 3709 856 30-
3746 804 3905 855 sunu.

252 905 432 965 militis
471 904 686 965 litteras
731 903 810 965 ad
855 904 1155 966 consules
1203 903 1466 965 civitatis
1514 902 1917 981 LubicensiS,
1965 905 2028 963 in
2081 902 2307 981 quibus
2356 904 2659 983 scribunt,
2710 905 3164 984 expeditionem
3213 906 3553 981 navigalem

254 1024 402 1069 suam
435 1023 559 1067 non
594 1005 672 1068 ad
710 1023 844 1085 eos,
884 1006 995 1067 sed
1031 1005 1108 1067 ad
1149 1006 1548 1069 domicellum
1575 1005 1869 1067 Ottonem
1907 1008 2169 1084 ejusque
2196 1006 2523 1087 adjutores
2567 1008 2893 1069 ninimicos
2930 1013 3184 1068 nostros
3225 1009 3545 1070 notorios«

254 1114 525 1187 spectare.
571 1144 658 1154 —
698 1108 821 1170 Sub
866 1106 1067 1169 insula
1114 1108 1393 1188 Phemoo,
1441 1110 1504 1169 in
1553 1109 1828 1169 crastino
1875 1096 1936 1169 b'.
1987 1108 2151 1169 Petri
2199 1115 2261 1171 et
2304 1111 2475 1171 Pauli
2521 1110 2972 1189 apostolorum,
3022 1110 3157 1171 sine
3202 1126 3391 1171 anno.

831 1207 1172 1263 UrKundenb.
1212 1210 1260 1261 d.
1301 1209 1451 1293 Stadt
1487 1210 1699 1261 Lubeck
1731 1208 1793 1260 11.
1830 1208 2085 1264 531-32.

545 1347 736 1412 2115,
829 1347 1157 1412 Sehoppacb,
1199 1346 1683 1411 Hennebergisches
1715 1346 2054 1398 Urkundenb.
2084 1346 2143 1398 11.
2176 1347 2393 1401 12—13.
2469 1348 2771 1409 Michelsen,
2808 1348 3305 1401 Urkundensamml.
3344 1349 3402 1400 11.
3436 1348 3555 1403 183.
3626 1351 3674 1403 5.
3712 1351 3853 1401 sulti.

545 1485 737 1549 2116,
831 1485 1160 1550 schoppacb,
1198 1484 1684 1547 Henneberglsches
1711 1483 2051 1535 urkundenb.
2094 1484 2152 1535 ΙΙ.
2186 1484 2405 1539 13-14.
2476 1486 2780 1546 Michelsen,
2819 1485 3315 1537 Urknndensamml.
3350 1486 3408 1537 ll.
3440 1484 3555 1539 184.
3626 1486 3709 1541 26.
3746 1486 3888 1538 Iulli.

550 1619 741 1685 2117,
829 1620 1003 1685 Tydsk
1035 1620 1151 1673 Udt..
1189 1622 1208 1671 i
1245 1620 1497 1674 zeitschr.
1535 1621 1569 1671 f.
1609 1620 2429 1684 Schleswig-Holstetn-Lauenb.
2470 1622 2659 1674 Gesch.
2696 1622 2777 1683 Vl,
2814 1621 3019 1687 Repert.
3059 1624 3109 1673 S.
3140 1622 3255 1676 112.
3630 1622 3711 1677 14.
3745 1622 3988 1687 Augusti.

522 1757 740 1823 *1636.
834 1758 1260 1829 Manowsnous
1307 1758 1383 1820 de
1431 1757 1636 1819 Kreas
1683 1760 2107 1837 recognoscit,
2168 1776 2237 1819 se
2290 1744 2367 1821 ab
2417 1760 2642 1823 lsraele
2689 1760 3094 1837 Birghirsson
3140 1758 3270 1822 450
3315 1776 3557 1821 marcas
3628 1759 3711 1813 22.
3750 1760 3995 1823 Augusti.

249 1862 366 1938 puri
416 1862 648 1937 argenti
721 1860 798 1923 de
859 1866 1117 1938 argento
1185 1876 1300 1940 pro
1370 1862 1685 1941 emptione
1752 1865 1930 1921 terrae
1992 1861 2232 1922 Skaniae
2292 1863 2716 1943 expromisso,
2788 1880 2902 1943 pro
2974 1879 3099 1940 quo
3168 1863 3350 1923 etiam
3422 1862 3557 1939 ipse

251 1963 415 2024 obses
457 1964 776 2044 expositus
824 1968 976 2042 erat,
1023 1963 1406 2039 integraliter
1451 1962 1834 2025 sublevasse.
1885 1999 1962 2007 —
2012 1963 2079 2024 ln
2127 1971 2345 2025 octava
2390 1967 2853 2044 assumpcionis
2902 1964 2962 2025 b.
3010 1964 3307 2041 Virginis.

830 2065 963 2130 Dtpl.
1002 2064 1241 2124 Svecan„
1288 2064 1366 2116 ed.
1409 2065 1460 2114 B.
1495 2064 1549 2115 E.
1580 2064 1897 2116 Hildebrand
1936 2065 2013 2115 Ν.
2055 2065 2173 2119 388.
2258 2066 2365 2117 Ved
2412 2071 2463 2117 et
2498 2066 2657 2117 andet
2692 2066 2822 2117 Brev
2863 2066 2919 2116 af
2952 2079 3156 2117 samme
3192 2066 3295 2129 Dag
3346 2066 3559 2129 mtager

830 2152 936 2202 ban
974 2151 1098 2201 ham
1135 2149 1214 2201 lor
1251 2151 1447 2202 enhver
1481 2156 1735 2215 paatagen
1775 2150 1994 2202 Kavtion
2034 2151 2112 2202 ior
2150 2152 2349 2213 KJobet.
2424 2152 2591 2203 Sstds.
2631 2152 2682 2201 S.
2711 2150 2828 2205 389.

253 2287 745 2363 *1637(=2256)‚
833 2292 986 2339 Aaret
1013 2301 1070 2339 er
1097 2286 1248 2341 1334.
1310 2288 1647 2351 Lagerbrlng,
1688 2288 1822 2339 Svea
1847 2288 2001 2339 lees
2029 2288 2161 2339 illst.
2190 2288 2271 2340 ΙΙΙ.
2310 2288 2427 2353 275.
2503 2288 2633 2353 Dlpl.
2664 2291 2903 2349 Svecan„
2942 2287 3021 2339 ed.
3060 2289 3114 2339 B.
3152 2288 3206 2339 E.
3236 2288 3559 2340 Hildebrand
3630 2290 3713 2343 22.
3752 2291 3995 2355 Augusti.

836 2373 892 2423 V.
929 2373 1057 2435 289,
1098 2374 1217 2435 Jvtr.
1257 2374 1308 2425 S.
1337 2372 1456 2427 285.
1530 2373 1822 2437 Scriptores
1859 2386 1960 2425 rer.
1999 2374 2261 2425 Suecicar.
2300 2373 2385 2432 ΙΙΙ,
2422 2372 2470 2427 2.
2510 2376 2562 2423 S.
2589 2374 2796 2428 52—53
2831 2373 2967 2437 (jvrr.
3003 2374 3117 2425 Not.
3138 2373 3202 2439 z).

549 2512 737 2576 2118,
830 2512 1029 2575 Bunge,
1065 2510 1224 2573 le.-,
1260 2508 1437 2561 Esth.-
1476 2523 1528 2560 u.
1567 2509 1982 2561 Curiandlsches
2017 2510 2358 2562 Urkundenb.
2398 2512 2457 2562 ll.
2494 2510 2750 2565 285-86.
3627 2512 3923 2597 53Septbr.

523 2647 739 2713 *1638.
830 2648 1133 2711 Joussnss
1202 2645 1505 2723 (xxndus)
1574 2664 1734 2727 papa
1800 2649 2084 2709 ministro
2155 2655 2217 2710 et
2284 2648 2577 2711 omnibus
2648 2646 3014 2710 custodibus
3083 2654 3146 2708 et
3198 2648 3555 2724 guardianis
3628 2650 3710 2705 13.
3750 2652 3955 2716 Septbr.

254 2750 474 2813 fratrum
530 2750 766 2813 ordinis
824 2751 1133 2812 minorum
1193 2756 1256 2811 et
1309 2749 1530 2811 iisdem
1577 2748 1868 2812 fratribus
1919 2766 2032 2827 per
2074 2752 2457 2833 provinciam
2504 2752 2698 2813 Datiae
2747 2751 3109 2812 constitutis
3156 2750 3427 2830 mandat,
3476 2768 3556 2813 ne

255 2850 528 2916 Kanutum
574 2853 854 2930 Aghonis
899 2852 976 2914 de
1024 2852 1225 2931 RipiS,
1272 2853 1650 2914 monachum
1699 2854 2062 2913 monasterii
2110 2854 2259 2915 Loci
2305 2853 2421 2915 Dei
2458 2854 2899 2916 cisterciensis
2946 2852 3206 2930 ordinis,
3255 2854 3360 2930 qui
3407 2852 3555 2915 olim

255 2954 320 3015 ab
359 2956 734 3017 observantia
778 2973 992 3018 eorum
1041 2954 1301 3039 ordinis,
1359 2956 1423 3015 in
1471 2972 1594 3034 qua
1639 2972 1706 3017 se
1755 2956 2001 3017 vinculo
2049 2957 2466 3035 professionis
2514 2958 2930 3034 astrinxisset,
2989 2954 3315 3018 absolutus
3366 2956 3447 3016 sit
3496 2962 3558 3017 et

257 3074 316 3117 se
343 3058 410 3117 ad
441 3058 715 3121 ordinem
741 3059 1228 3120 cisterciensem
1267 3058 1674 3137 transtulerit,
1711 3059 2096 3137 perturbent.
2125 3094 2207 3106 ——
2236 3058 2549 3139 Avinione,
2587 3059 2726 3122 idus
2747 3058 3118 3139 Septembr.,
3156 3056 3555 3138 pontificatus

255 3162 426 3221 nostri
465 3177 628 3223 anno
673 3161 920 3223 decimo
967 3178 1160 3223 nono.

828 3264 904 3327 Ny
938 3262 1206 3314 kirkehist.
1245 3262 1544 3327 Samlinger
1578 3262 1657 3313 1v.
1693 3262 1948 3319 220-21.

256 3399 744 3476 *1639(=2119)‚
834 3402 1010 3464 Bring,
1049 3401 1280 3452 bionum.
1320 3402 1474 3451 Scan.
1515 3400 1572 3450 ll.
1611 3400 1864 3455 130—31.
1938 3401 2070 3465 Dlpl.
2112 3403 2351 3461 Svecan„
2390 3401 2470 3452 ed.
2510 3402 2563 3452 B.
2594 3402 2651 3453 E.
2682 3400 3000 3452 Hildebrand
3036 3399 3116 3451 lV.
3153 3400 3409 3455 393—94.
3625 3406 3672 3458 1.
3712 3406 3921 3456 Octobr.

499 3566 517 3572 -
547 3520 734 3587 2120.
827 3528 942 3581 For
1004 3521 1309 3583 Iohannis
1365 3528 1476 3581 los
1533 3521 1773 3584 Jacobi.
3622 3526 3672 3578 9.
3715 3526 3925 3577 Octobr.

547 3657 716 3723 2119
763 3676 832 3720 se
877 3657 1096 3723 *1639.
3624 3662 3705 3715 10.
3749 3662 3960 3714 octobr.

543 3795 733 3860 2122,
827 3794 1023 3853 Riedel,
1059 3794 1234 3847 Codex
1263 3794 1476 3859 diplom.
1508 3795 1902 3860 Brandenburg.
1931 3795 1981 3848 2.
2012 3795 2259 3860 Hauptth.
2291 3796 2349 3846 ΙΙ.
2379 3794 2599 3849 93-94.
2672 3796 3187 3859 Meklenburgisches
3216 3795 3553 3847 Urkundenb.
3622 3756 3709 3853 18.
3746 3759 3935 3850 Norbr.

830 3879 956 3931 vul.
993 3879 1250 3935 479—80.

523 3983 739 4048 *1640.
829 3985 1214 4063 Hoancsruffi,
1261 3985 1638 4063 praepositus
1687 3951 2068 4065 Lundensis,
2113 3991 2175 4047 et
2220 3985 2565 4048 Niruomus
2607 3984 2950 4064 Busasrro,
3000 3985 3278 4064 ejusdem
3326 3984 3447 4046 loci
3495 3990 3557 4045 et
3624 3988 3711 4041 21.
3746 3988 3935 4039 Novbr.

255 4082 652 4149 Roskildensis
722 4087 1102 4166 canonicus,
1170 4088 1382 4148 vicarii
1439 4086 1635 4166 Petri,
1704 4087 1886 4149 electi
1947 4088 2407 4170 archiepiscopi
2469 4087 2861 4166 Lundensis,
2932 4087 3169 4149 litteras
3225 4086 3551 4165 lobannis,

252 4188 501 4268 episcopi
555 4188 1026 4267 Roskildensis,
1097 4188 1193 4251 die
1265 4190 1365 4253 15.
1423 4190 1603 4252 Mart.
1666 4187 1826 4253 1331
1889 4190 2095 4270 datas,
2165 4208 2278 4270 per
2339 4208 2493 4268 quas
2554 4190 2904 4271 praebendoe
2965 4190 3271 4251 Johannis
3330 4189 3551 4268 Kraak,

254 4292 510 4352 canonici
554 4291 1013 4371 Roskildensis,
1063 4292 1394 4354 ecclesiam
1432 4292 1803 4355 Tokswaerte
1839 4296 2138 4374 annectit,
2188 4300 2621 4355 transsumunt
2658 4300 2719 4354 et
2754 4292 3144 4355 confirmant.
3184 4328 3261 4336 —
3301 4290 3550 4370 Lundis,

255 4389 337 4451 xl.
379 4392 660 4457 kalendas
705 4392 1096 4457 Decembris.

833 4496 966 4561 Dlpl.
1003 4496 1244 4555 Svecan„
1281 4496 1361 4548 ed.
1402 4497 1453 4548 Β.
1485 4496 1544 4549 Ε.
1573 4497 1895 4549 Hlldebrand
1929 4497 2009 4549 1v.
2045 4498 2165 4554 398.

522 4617 741 4681 *1641.
835 4617 1240 4695 wittorum,
1299 4615 1478 4679 ducis
1534 4617 1760 4696 Juciae,
1820 4623 2313 4698 transsumptum
2373 4620 2713 4680 litterarum
2769 4619 3024 4697 Esgeri,
3093 4617 3553 4695 archiepiscopi
3621 4618 3703 4673 30.
3743 4618 3931 4670 Novbr.

253 4713 603 4798 Lundensis,
655 4727 715 4782 et
760 4721 1097 4798 lobannis,
1147 4721 1427 4799 episcopi
1476 4721 1923 4799 SlesvicensiS,
1981 4722 2078 4782 die
2125 4722 2185 4785 4.
2232 4723 2399 4784 Junii
2453 4721 2607 4787 1321
2662 4720 2973 4800 datarum,
3023 4720 3247 4799 quibus
3295 4718 3549 4779 decimae

253 4818 504 4882 ecclesia!
548 4823 715 4884 Aller
767 4822 1042 4901 capitulo
1087 4822 1586 4885 Badersleviensi
1643 4827 2044 4901 assignantur
2099 4827 2233 4901 (cfr.
2282 4842 2375 4887 nr.
2413 4823 2653 4899 *1305).
2704 4857 2785 4869 ——
2832 4824 3209 4903 Iv'lensborcli,
3268 4825 3332 4883 in
3388 4826 3550 4886 festo

253 4924 428 4983 sancti
469 4924 708 4992 Andree
752 4926 1043 5005 apostoli.

831 5029 1165 5081 Aarsberetn.
1200 5031 1281 5081 tra
1317 5030 1713 5082 Gehelmearch.
1751 5028 1813 5091 11,
1849 5030 2029 5095 Tillaeg
2067 5032 2118 5081 S.
2148 5029 2199 5083 4.

553 5148 742 5217 2124,
837 5149 965 5212 Dlpl.
1005 5150 1240 5211 Svecan„
1280 5150 1358 5201 ed.
1398 5153 1453 5203 Β.
1482 5152 1538 5201 Ε.
1569 5148 1888 5202 Hildebrand
1921 5150 2000 5201 lv.
2037 5150 2327 5206 399—400.
3620 5150 3702 5204 13.
3740 5148 3922 5200 Deobr.
