4275 5759
415 515 600 583 1334.

293 1629 308 1777 J
403 1680 610 1747 1334?

357 1870 406 1923 9.
443 1870 658 1922 Ianuar.

412 2504 602 2571 1335.

329 2662 336 2667 ι
356 2692 406 2747 9.
443 2693 654 2744 Ianuar.

383 3138 433 3192 5.
471 3140 660 3199 Martlk

351 3258 433 3312 17.
473 3258 658 3313 Martii.

353 3684 439 3741 29·
477 3687 662 3743 nutu.

358 4626 442 4681 30.
482 4628 662 4679 Martii.

745 351 892 423 236
2058 345 2745 421 Maccsmesmne.

1033 620 1252 686 *1642
1340 621 1597 699 Hmmcn,
1656 622 1904 684 comitis
1949 622 2385 701 Zwerinensis,
2444 637 2695 683 necnon
2740 619 3053 699 loannis,
3114 621 3365 683 comitis
3422 621 3727 685 Holtsatie
3784 630 3848 686 et
3892 625 4082 686 Stor-

725 725 919 786 marie
975 731 1403 802 terrarumque
1463 723 1790 802 Lalandie,
1849 724 2115 786 Valstrie
2176 730 2238 785 et
2292 724 2540 786 Ymbrie
2599 722 2866 801 domini,
2920 721 2996 784 ad
3054 724 3404 786 Iohannem
3462 724 3792 803 (XXHdum)
3849 744 4082 807 papam

734 827 950 889 litterae
998 827 1073 889 de
1122 827 1530 905 possessione
1577 825 1742 888 Erici
1789 826 1966 888 ducis
2015 828 2279 889 Saxonie
2317 828 2479 906 juris
2527 825 2795 903 eligendi
2842 824 3270 889 Romanorum
3318 844 3553 904 regem.

1345 927 1659 987 Sudendorf,
1696 927 1998 993 Reglstrum
2037 928 2164 1005 oder
2201 928 2587 992 merkwiirdlge
2614 926 2899 980 Urkunden
2934 928 2967 980 r.
3000 926 3049 977 d.
3081 928 3335 981 deutsche
3364 928 3679 982 Geschlchte
3714 930 3775 979 ll.
3815 930 4082 985 187—89.

1347 1014 1655 1078 Brudstykk.
1693 1016 1710 1065 l
1748 1015 2264 1079 neklenburglsches
2300 1014 2640 1067 Urkundenb.
2677 1013 2803 1064 vm.
2842 1012 3132 1067 408—409.

1036 1149 1253 1216 *1643.
1347 1150 1527 1213 Ratio
1564 1152 1744 1215 Psrm
1786 1153 2088 1231 θην-Λευ,
2136 1155 2201 1213 in
2238 1152 2449 1232 Dacia,
2498 1151 2741 1230 Suecia,
2792 1151 2987 1213 Gocia
3032 1157 3092 1213 et
3125 1150 3451 1229 Norwegia
3491 1153 3852 1232 apostolicae
3902 1155 4081 1215 sedis

730 1256 953 1333 nuntii,
1003 1254 1395 1317 collectionis
1443 1254 1678 1316 denarii
1723 1254 1785 1315 b.
1833 1255 1998 1316 Petri
2044 1260 2104 1315 et
2151 1256 2407 1317 decimae
2453 1250 2809 1316 'sexannalis
2856 1252 3082 1314 ibidem
3132 1255 3330 1315 sactae.

1347 1357 1558 1417 munch,
1599 1357 1840 1421 Pavellge
1877 1358 2126 1409 Nuntisrs
2166 1356 2501 1421 Regnskabs-
2539 1370 2604 1420 og
2641 1355 2909 1420 nagboger
2947 1356 2999 1406 S.
3028 1354 3283 1410 67—128.

1036 1492 1237 1559 *1644
1283 1510 1352 1556 se
1397 1492 1574 1559 ¹225.

2150 1806 2153 1810 Ι
2270 1686 2552 1789 1334?

1037 1868 1254 1934 *1645.
1344 1870 1638 1949 Lucanum,
1698 1871 1954 1933 fratrum
2009 1870 2246 1933 ordinis
2292 1871 2620 1950 hospitalis
2668 1876 2899 1932 sanctae
2946 1869 3139 1931 Marie
3184 1868 3717 1933 Theutonicorum
3763 1871 4079 1933 Jerosoli-

730 1973 945 2032 mitani
989 1971 1301 2049 generalis
1349 1974 1665 2051 magister,
1713 1972 1788 2033 ab
1838 1973 2207 2035 consulibus
2254 1974 2517 2035 civitatis
2568 1973 2935 2034 Lubicensis
2981 1974 3277 2053 postulat,
3336 1980 3403 2035 ut
3449 1973 3651 2036 Gotko
3696 1972 3898 2050 ant,
3960 1976 4081 2035 civi

728 2076 791 2134 in
828 2073 1248 2153 Kungisberg‚
1286 2077 1866 2153 compensationem
1902 2082 2222 2155 praestent,
2261 2093 2452 2153 quum
2487 2076 2878 2152 naufragium
2912 2090 3141 2154 passus
3179 2076 3279 2153 sit,
3322 2078 3465 2153 quia
3498 2076 3574 2137 ab
3608 2075 4083 2138 Lubicensibus

729 2178 791 2237 in
817 2176 1151 2239 Norsunde
1181 2178 1245 2239 in
1269 2182 1483 2239 aestate
1509 2177 1798 2240 detentus
1825 2180 1924 2239 sit.
1963 2213 2043 2222 —
2071 2178 2329 2256 Thomu,
2369 2178 2467 2239 die
2494 2178 2808 2239 dominica
2834 2185 2979 2258 post
3002 2178 3383 2257 epyphaniae
3410 2178 3682 2258 Domini,
3719 2180 3857 2241 sine
3882 2196 4082 2241 anno.

1343 2278 1684 2332 urkundenb.
1723 2279 1770 2331 d.
1811 2280 1962 2333 Stadt
1996 2280 2210 2331 Lubeck
2246 2278 2329 2329 111.
2365 2278 2586 2334 82—83.

1034 2689 1252 2755 1”1646.
1346 2689 1714 2753 Bessoicrus
1776 2689 2046 2765 (Xllmus)
2104 2708 2265 2771 papa
2319 2692 2867 2773 archiepiscopum
2924 2690 3322 2753 Lundensem
3380 2697 3443 2753 et
3498 2708 3719 2753 omnes
3777 2694 4087 2771 praelatos

729 2797 866 2875 ejus
911 2794 1245 2877 provincia}
1291 2794 1594 2855 certiores
1641 2794 1818 2872 facit,
1879 2811 1947 2855 se
1997 2811 2311 2857 summum
2358 2793 2720 2873 pontificem
2776 2794 3042 2855 electum
3092 2811 3257 2855 esse.
3309 2829 3387 2839 —
3438 2794 3746 2873 Avim’one,
3809 2793 3879 2855 V.
3929 2796 4087 2859 idus

729 2898 1028 2978 Ianuarii,
1075 2896 1477 2977 pontificatus
1525 2896 1726 2958 nostri
1769 2913 1937 2958 anno
1983 2898 2207 2977 primo.

1343 2998 1680 3064 mplomatar.
1719 2998 1938 3063 Norvcg.
1975 2997 2054 3049 VI.
2093 2998 2347 3053 165—66.

1061 3134 1255 3201 2126,
1344 3135 1540 3190 Rledel.
1571 3134 1748 3188 Codex
1775 3134 1989 3201 diplom.
2015 3136 2410 3200 Brandenhurg.
2432 3135 2481 3189 2.
2503 3134 2749 3201 nauptth.
2769 3135 2831 3187 11.
2852 3135 2935 3190 98.
2999 3135 3302 3194 Michelsen,
3330 3136 3828 3189 Urkundensamml.
3860 3137 3921 3189 11.
3954 3138 4085 3194 186.

1035 3253 1256 3321 *1647.
1346 3256 1590 3317 Litterae
1650 3257 2059 3335 protectionis
2118 3262 2181 3317 et
2236 3255 2728 3318 confirmationis
2775 3257 3239 3335 privileg-iorum
3288 3257 3657 3319 consulibus
3713 3262 3777 3319 et
3832 3258 4087 3321 civibus

733 3357 1257 3420 Otthoniensibus
1303 3374 1340 3418 a
1377 3358 1684 3436 Germano,
1734 3360 1960 3419 comite
1995 3359 2290 3420 Holsatiae
2339 3364 2401 3419 et
2436 3359 2810 3437 Stormariae,
2858 3358 3036 3422 datae.
3084 3392 3168 3404 —-
3214 3360 3525 3439 Ottltom‘oe,
3573 3361 3857 3440 proxima
3900 3368 4092 3423 sexta

731 3462 884 3523 feria
930 3466 1070 3521 ante
1118 3459 1518 3539 dominicam,
1567 3478 1690 3539 qua
1735 3466 2018 3522 cantatur
2063 3459 2265 3522 Oculi.

1349 3562 1646 3626 Samllngsr
1681 3566 1719 3613 t.
1758 3562 1922 3626 Fyens
1961 3564 2089 3614 illst.
2129 3576 2194 3627 og
2231 3563 2451 3628 Topogr.
2488 3562 2547 3613 11.
2584 3561 2839 3617 327-28.

1041 3682 1260 3748 *1648.
1352 3683 1654 3745 Joutuuss
1697 3680 2020 3760 messos,
2069 3684 2433 3761 capitaneus
2482 3688 2659 3745 terrae
2700 3683 3145 3764 Borendholm,
3196 3685 3465 3763 capitulo
3503 3684 3820 3747 Lundensi
3866 3688 4096 3748 omnia

735 3804 848 3849 sua
891 3784 1060 3848 bona
1114 3787 1176 3846 in
1223 3784 1643 3847 Borendholm
1694 3785 1844 3863 sita,
1904 3802 2129 3865 nempe
2188 3787 2252 3846 in
2299 3786 2688 3848 Sundsheret
2744 3788 2807 3847 in
2857 3787 3175 3867 parochiis
3232 3788 3395 3849 beati
3443 3786 3735 3867 Botulphi
3792 3794 3853 3849 et
3910 3787 4091 3850 beati

733 3888 925 3965 Pauli,
974 3890 1038 3949 in
1085 3888 1471 3951 Haslaeheret
1514 3889 1578 3948 in
1624 3889 1924 3966 parochia
1967 3887 2130 3949 beati
2178 3887 2554 3967 Clementis,
2613 3890 2676 3949 in
2726 3889 3110 3951 Ostraeheret
3164 3891 3226 3950 in
3284 3890 3583 3968 parochia
3625 3888 3788 3952 beati
3833 3889 4091 3971 Jacobi,

733 3994 794 4051 in
844 3992 1252 4053 Rotnoeheret
1293 3992 1355 4050 in
1403 3991 1701 4070 parochia
1748 3992 2032 4052 ecclesiae
2082 3992 2401 4053 orientalis
2448 3991 2643 4052 beatoe
2690 3992 2923 4070 Mariae,
2972 3998 3034 4052 et
3076 3992 3141 4053 in
3186 3993 3623 4055 Sundraeheret
3668 3993 3732 4054 in
3778 3994 4095 4071 parochia

732 4091 895 4179 beati
945 4092 1269 4173 Botulphi,
1332 4093 1496 4170 legat
1541 4098 1603 4155 et
1648 4098 1882 4170 scotat‚
1943 4109 2016 4154 ea
2061 4092 2456 4171 conditione,
2515 4099 2584 4155 ut
2628 4101 2797 4155 certa
2841 4095 3262 4157 anniversaria
3308 4095 3723 4174 celebrenter,
3781 4102 3851 4157 ut
3904 4104 4095 4158 certa

735 4198 1019 4275 pecuniae
1067 4212 1312 4258 summa
1357 4195 1476 4257 sibi
1522 4204 1584 4257 et
1628 4197 1804 4257 uxori
1848 4197 2167 4256 annuatim
2215 4202 2598 4275 numeretur,
2657 4201 2720 4256 et
2775 4201 2844 4259 ut
2886 4196 3053 4259 bona
3098 4199 3351 4277 capituli
3396 4200 3460 4259 in
3508 4198 3638 4277 Oye
3684 4199 3803 4260 sita
3849 4198 3971 4259 sibi
4024 4209 4091 4261 et

735 4299 913 4359 uxori
981 4299 1056 4359 ad
1113 4299 1298 4359 vitam
1354 4299 1419 4357 in
1476 4297 1921 4360 habitationem
1981 4298 2426 4361 concedantur.
2489 4334 2569 4344 —
2626 4298 2803 4361 Feria
2860 4304 3077 4380 quarta
3142 4302 3423 4380 proxima
3488 4308 3635 4380 post
3698 4300 4091 4365 dominicam

736 4398 940 4461 medie
989 4399 1500 4477 Quadragesime.

1350 4501 1484 4567 Dlpl.
1523 4502 1762 4565 Svecan„
1799 4502 1877 4555 ed.
1916 4504 1972 4553 Β.
2000 4502 2059 4553 Ε.
2089 4501 2409 4555 flssdsbrand
2443 4502 2524 4555 lv,
2561 4503 2815 4559 427—29.

1045 4622 1264 4687 *1649.
1353 4622 1714 4685 Bounomos
1771 4623 2171 4686 Ηοωιοειιεοκ
2231 4624 2307 4685 de
2360 4623 2680 4705 Bithinge,
2741 4626 3093 4690 Hssmxmus
3141 4626 3325 4691 Mum:
3383 4633 3444 4689 et
3486 4627 3831 4691 Nicnomus
3878 4628 4093 4709 Deus,

738 4724 942 4787 villani
978 4727 1038 4785 in
1075 4724 1545 4803 Thraelaburgh,
1584 4730 1646 4786 et
1680 4724 1907 4787 Pactus
1940 4726 2254 4807 Emissos,
2293 4728 2444 4789 civis
2482 4727 2858 4809 Lundensis,
2895 4735 3384 4808 recognoscunt,
3424 4748 3492 4793 se
3527 4729 3762 4793 Iacobo
3798 4730 4091 4795 Jensson

739 4828 814 4889 de
860 4827 1202 4903 Markeghe
1251 4828 1313 4888 in
1359 4826 1446 4891 40
1491 4825 1708 4887 solidis
1755 4843 2124 4903 grossorum
2171 4830 2631 4892 'turonensium
2681 4835 2878 4894 teneri
2927 4833 3257 4911 obligatoS,
3318 4835 3378 4894 in
3426 4835 3705 4915 profesto
3752 4832 4091 4897 Michaelis

741 4931 1023 5009 proximo
1071 4929 1278 4993 futuro
1325 4928 1776 5009 persolvendis.
1829 4964 1908 4974 —-
1959 4930 2418 5013 Tkroeloeburyh,
2467 4934 2683 5011 quinta
2725 4934 2879 4997 feria
2921 4936 3203 5015 proxima
3244 4942 3395 5019 post
3436 4934 3811 5001 dominicam
3862 4934 4093 4999 Letare

741 5032 1107 5093 Jerusalem.

1359 5115 1491 5180 Dipl.
1530 5117 1768 5178 Svecan„
1806 5116 1885 5168 ed.
1927 5120 1978 5169 B.
2005 5118 2064 5170 Ε.
2095 5117 2415 5171 lindebi-and
2447 5118 2531 5173 IV.
2564 5120 2683 5177 dm.
2775 5137 2798 5178 t
2901 5141 2912 5156 ·
