4275 5759
1199 364 1418 439 Kone
1472 365 1952 441 Cnmsromn
2001 392 2138 443 nim
2194 370 2463 443 Auum.
3358 376 3509 447 213

3636 540 3823 607 1327.

204 638 532 719 hildensem,
579 656 656 702 ex
692 641 888 703 altera
929 646 1104 720 parte
1152 642 1333 722 facta,
1381 648 1450 705 ut
1493 642 1574 705 de
1617 643 1802 706 bonis
1851 661 1962 723 per
2002 643 2369 707 domicellus
2411 646 2710 722 Agnetem
2760 651 2818 707 et
2855 647 3081 708 Juttam
3129 649 3510 708 monasterio

205 746 404 803 sanctie
441 744 700 819 Agnetis
735 742 1142 807 Roskildensi
1187 743 1434 808 donatis
1480 746 1812 809 duodecim
1858 748 1970 807 viri
2015 747 2265 810 nobiles
2304 748 2629 827 Syelandie
2677 750 2998 829 nominati,
3046 750 3231 827 vulgo
3266 749 3509 812 Lands-

203 844 382 905 naefud
421 843 601 926 dicti,
659 847 814 908 feria
858 850 1079 924 quarta
1121 853 1270 925 post
1323 848 1821 926 purificationem
1871 848 2078 913 Marioe
2137 852 2477 914 instantem
2536 851 2619 927 (3.
2669 850 2845 913 Febr.
2904 851 3082 929 1328)
3140 854 3513 915 conveniant

205 952 256 1007 et
282 946 570 1024 judicent.
619 983 703 994 —
749 948 1118 1029 Rinystadt's,
1165 951 1318 1012 feria
1363 957 1581 1027 quarta
1622 952 1905 1032 proxima
1950 957 2091 1015 ante
2137 954 2366 1017 festum
2414 953 2475 1015 b.
2524 954 2948 1018 Bai-tholomei
2992 956 3283 1035 apostoli.

781 1050 914 1117 Dlpl.
953 1052 1191 1112 Svecan..
1229 1052 1310 1104 ed.
1348 1053 1403 1103 B.
1431 1052 1489 1103 Ε.
1518 1053 1838 1105 Hildebrand
1873 1052 1952 1105 1v.
1989 1054 2213 1110 22-23.

471 1168 691 1236 ’1456.
780 1171 1002 1235 Eun-us
1036 1173 1564 1251 W.u.osmnssou,
1611 1175 1792 1235 miles
1839 1175 1914 1236 de
1953 1174 2198 1254 Suecia,
2246 1176 2541 1256 declarat,
2590 1196 2660 1240 sc
2707 1181 2907 1239 ratum
2956 1176 3308 1251 habiturum
3345 1195 3511 1256 esse,
3582 1180 3665 1233 26.
3704 1180 3947 1243 Augusti.

206 1272 464 1350 quicquid
531 1274 776 1336 nobiles
842 1276 956 1336 viri
1022 1277 1326 1337 nominati
1391 1276 1454 1335 in
1521 1277 1750 1356 placito
1819 1279 2094 1354 generali
2165 1280 2507 1359 Syalandioe
2577 1279 2653 1341 de
2724 1280 3061 1343 donatione
3130 1282 3513 1343 monasterio

204 1392 248 1434 s.
297 1376 540 1453 Agnetis
598 1375 998 1439 Roskildensi
1066 1395 1104 1439 a
1159 1377 1506 1441 domicellis
1563 1378 1803 1457 Agnete
1871 1387 1934 1443 et
1988 1382 2159 1445 Jutta
2224 1384 2393 1446 facta
2458 1383 2868 1446 decreverint.
2931 1418 3008 1429 —-
3070 1384 3305 1461 Quarta
3361 1383 3516 1445 feria

204 1480 452 1556 proxima
493 1484 642 1559 post
683 1480 912 1543 festum
957 1480 1020 1543 b.
1068 1480 1493 1544 Bartholomei
1537 1484 1827 1561 apostoli.

783 1582 917 1649 Dlpl.
955 1583 1195 1643 Svecau„
1232 1583 1312 1637 ed.
1349 1584 1404 1634 B.
1433 1584 1490 1635 E.
1519 1584 1840 1639 Hildebrand
1874 1586 1954 1639 IV.
1990 1586 2074 1641 23.

475 1700 695 1766 *1457.
786 1702 1178 1785 Gannascum,
1241 1704 1363 1766 dux
1407 1705 1618 1787 lucie,
1680 1724 1896 1770 comes
1943 1707 2264 1771 Holtsacie
2325 1713 2387 1770 et
2444 1708 2813 1788 Stormarie,
2880 1702 3171 1771 Hassoni'
3225 1710 3392 1772 dicto
3439 1710 3515 1773 de
3584 1712 3668 1766 30.
3706 1711 3949 1774 Augusti.

207 1804 654 1867 crummendike
709 1806 879 1869 bona
933 1823 1046 1869 sua
1099 1807 1485 1871 Holmisleen
1555 1815 1776 1873 scotat.
1837 1844 1914 1856 —-
1973 1812 2281 1889 Gottorpe,
2350 1811 2413 1871 in
2474 1811 2573 1873 die
2632 1811 2855 1874 Felicis
2911 1818 2974 1874 et
3029 1812 3291 1875 Adaucti
3346 1830 3513 1875 mar-

208 1908 363 1969 tirum
406 1908 752 1972 beatorum.

789 2011 1060 2073 Stemann.
1101 2012 1416 2066 Geschlcbte
1452 2013 1500 2064 d.
1539 2012 1879 2067 offentllcben
1921 2030 1970 2067 u.
2015 2014 2411 2069 privat-Rechts
2448 2015 2497 2067 d.
2539 2016 2918 2082 Herzogthums
2956 2018 3246 2082 Schlcswig
3282 2016 3363 2069 111.
3400 2019 3450 2071 2.

477 2131 698 2197 *1458.
789 2132 1212 2197 Wstnsmaus
1260 2133 1579 2199 Danorum
1627 2136 2114 2214 Sclavorumque
2170 2153 2279 2199 rex
2336 2137 2597 2200 villanos
2654 2140 2717 2199 in
2764 2140 2891 2200 Aos
2950 2139 3068 2201 sub
3126 2140 3516 2219 protectione
3586 2124 3669 2175 21.
3710 2123 3916 2185 septbr.

208 2250 304 2294 sua
351 2235 610 2315 suscipit
673 2234 1116 2313 libertatesque
1184 2237 1260 2297 iis
1317 2254 1354 2297 a
1418 2236 1996 2317 praedecessoribus
2054 2240 2191 2302 suis
2252 2255 2597 2303 concessas
2657 2242 3017 2319 confirmat,
3088 2241 3517 2322 superaddens

205 2336 468 2417 gratiam,
523 2341 592 2399 ut
637 2336 868 2417 ubique
912 2339 976 2399 in
1023 2354 1220 2416 regno
1268 2355 1386 2403 suo
1431 2346 1844 2421 praeterquam
1901 2342 1966 2403 in
2013 2342 2299 2405 Skaneer
2342 2359 2381 2403 a
2426 2342 2739 2407 solutione
2785 2344 3018 2406 telonei
3066 2346 3192 2407 sint
3232 2343 3411 2407 liberi
3456 2349 3518 2406 et

207 2441 463 2519 exempti.
510 2474 589 2485 —-
637 2439 958 2520 Malmoqh,
998 2439 1098 2502 die
1139 2439 1202 2501 b.
1252 2439 1486 2505 Mathei
1529 2444 1820 2524 apostoli.

787 2542 918 2607 Dlpl.
957 2544 1196 2603 Svecan„
1233 2541 1314 2595 ed.
1353 2544 1408 2595 B.
1437 2545 1495 2595 E.
1528 2545 1845 2597 llssdebrand
1878 2547 1958 2599 lv.
1995 2547 2217 2601 26-27.

479 2663 698 2729 ’1459.
789 2664 1161 2729 Wstnsusar
1219 2664 1540 2729 Danorum
1604 2666 2089 2747 sclavorumque
2158 2669 2326 2746 regis
2396 2667 2786 2733 confirmatio
2853 2670 3205 2733 libertatum
3272 2672 3514 2733 villanis
3586 2655 3666 2708 10.
3706 2653 3916 2705 ⁰⁰²⁰&-

206 2766 632 2847 archiepiscopi
674 2767 1030 2830 bundensis
1075 2768 1136 2829 in
1175 2768 1346 2831 Aoos
1391 2786 1864 2849 concessarum,
1911 2771 2197 2850 ejusdem
2242 2772 2591 2848 argumenti
2637 2789 2711 2835 ac
2758 2773 2973 2835 litterae
3022 2770 3514 2835 confirmationis

207 2867 288 2929 die
314 2867 408 2932 21.
432 2869 598 2952 Sept.
624 2870 846 2933 eodem
869 2886 1036 2932 anno
1062 2870 1240 2932 datae.
1275 2906 1348 2915 —
1374 2871 1727 2951 Malmoqlte,
1752 2874 1817 2933 in
1843 2876 2117 2938 crastino
2145 2875 2205 2939 b.
2232 2875 2553 2937 martirum
2574 2874 2857 2954 Dyonisii
2882 2877 3323 2956 sociorumque
3351 2878 3509 2955 ejuS.

629 2974 646 2985 “
789 2971 922 3037 Dipl.
961 2972 1196 3033 Svecan„
1235 2972 1314 3026 ed.
1352 2974 1407 3025 B.
1436 2974 1494 3027 Ε.
1521 2974 1843 3029 Hildebrand
1876 2975 1956 3027 lv.
1992 2977 2215 3033 29-30.

503 3075 674 3141 2032
719 3092 790 3139 se
833 3073 1052 3141 *1473
2784 3110 2795 3121 .
3138 3092 3153 3103 -
3442 3145 3449 3150 .
3585 3067 3666 3121 16.
3704 3066 3915 3118 octobr.

506 3194 698 3261 2033,
787 3194 920 3261 mpl.
959 3196 1194 3256 Svocan..
1232 3196 1313 3249 ed.
1351 3198 1406 3249 B.
1435 3198 1494 3249 Ε.
1525 3197 1844 3251 Rildobrand
1881 3199 1958 3251 lv,
1993 3199 2217 3254 30-32,
3584 3186 3665 3239 19.
3706 3186 3915 3237 Octobr.

506 3297 696 3363 2034,
790 3299 920 3364 Dipl.
957 3301 1197 3360 Svecan„
1234 3302 1315 3353 ed.
1352 3301 1409 3352 B.
1437 3302 1494 3353 Ε.
1528 3302 1844 3354 Hildebrand
1881 3301 1960 3353 lv.
1997 3301 2219 3357 33-34.
2290 3302 2628 3354 urkundenb.
2666 3303 2715 3353 d.
2754 3303 2905 3356 Stadt
2940 3304 3154 3357 Lubeck
3188 3305 3245 3356 ll.
3283 3304 3401 3359 432.
3585 3306 3669 3359 21.
3708 3304 3919 3356 Octobr.

481 3401 706 3478 *14602
788 3402 935 3465 Ean<
985 3404 1458 3467 mannassen
1517 3406 1583 3466 as
1623 3405 1874 3483 Sverige
1929 3405 2469 3483 beluldmaegtiger
2514 3406 2619 3469 Hr.
2668 3406 2901 3484 Ludvig
2950 3408 3281 3470 Albretsen
3340 3409 3406 3467 til
3456 3414 3517 3469 at
3584 3408 3667 3461 21.
3708 3407 3917 3457 octobr.

210 3502 422 3565 indlese
477 3505 747 3569 Nessum
815 3522 896 3582 og
953 3506 1141 3569 undet
1197 3508 1368 3571 Gods
1425 3510 1444 3569 i
1500 3509 1862 3589 Harsyssel,
1932 3508 2044 3572 der
2097 3510 2165 3571 af
2216 3509 2375 3572 hans
2434 3509 2631 3573 Fader
2686 3527 2790 3572 var
2848 3517 3099 3589 pantsat
3155 3511 3260 3573 Ην.
3318 3509 3517 3574 Peder

211 3604 548 3669 Jacobssen.
601 3644 674 3651 —
725 3609 850 3671 Paa
892 3608 968 3671 de
1019 3609 1230 3674 11000
1271 3610 1618 3675 Jomsruers
1666 3611 1804 3689 dag.

787 3710 906 3763 Udt.
943 3713 960 3763 1
997 3711 1261 3773 livitteldt,
1301 3713 1484 3764 Danm.
1527 3714 1678 3778 luges
1715 3714 1873 3765 lirun.
1912 3715 1964 3765 S.
1993 3714 2096 3768 439
2131 3714 2435 3779 (livartudg.
2476 3714 2557 3766 111.
2594 3714 2735 3780 349).

479 3815 700 3879 *1461.
795 3814 899 3875 ΗΓ.
937 3814 1242 3878 Jomunss
1283 3816 1588 3879 [Ii-russos
1637 3817 1860 3894 saelger
1907 3817 2130 3880 Rodne
2166 3818 2402 3881 Herred
2451 3836 2567 3897 paa
2610 3820 2953 3881 Bornholm
3003 3820 3067 3880 til
3104 3822 3518 3901 AErkebiskop
3588 3821 3670 3874 24-
3710 3820 3921 3871 octobr.

217 3912 332 3974 llari
371 3917 433 3977 af
471 3917 647 3979 Lund
693 3919 792 3979 for
845 3918 1006 3982 1000
1047 3918 1222 3981 Mark
1271 3920 1574 3981 skaanske
1621 3919 1965 3998 Penninge.
2011 3954 2095 3967 -
2145 3921 2411 3983 Sabbato
2458 3927 2600 3984 ante
2647 3922 2811 3985 diem
2859 3924 3133 3985 Simonis
3179 3929 3241 3985 et
3285 3923 3480 3986 Judae.

789 4019 906 4073 Udt.
943 4023 962 4071 l
997 4020 1264 4081 Hvltfeldt,
1302 4022 1484 4073 Danm.
1524 4023 1680 4087 Riges
1716 4022 1874 4075 Kron.
1913 4024 1966 4075 S.
1995 4022 2100 4077 440
2133 4024 2434 4089 (Kvartudg.
2476 4024 2558 4075 111.
2596 4024 2734 4087 350).

499 4123 672 4189 2035
715 4142 786 4187 se
831 4122 1049 4190 *1443.
3588 4130 3669 4183 31.
3710 4128 3917 4179 octobr.

475 4244 696 4309 *1462
789 4244 1186 4325 computatio
1258 4264 1672 4326 expensarum
1739 4246 1814 4308 ad
1882 4247 2090 4312 dotem
2158 4246 2542 4311 Meritzlawae
2610 4248 2749 4309 ssliae
2806 4249 3044 4311 Nicolai
3115 4250 3363 4311 comitis
3431 4250 3506 4311 de
3552 4249 3751 4302 Postll
3779 4248 3965 4305 Novbr.

213 4342 432 4425 Zwerin‚
477 4346 554 4408 ab
598 4347 886 4409 Johanne
935 4351 1162 4411 comite
1208 4350 1524 4411 Holtzacie
1569 4351 1632 4411 in
1682 4352 2143 4413 matrimonium
2190 4351 2413 4413 ductae.
2512 4352 2577 4412 ln
2625 4352 2969 4415 rationibus
3016 4358 3142 4415 est:
3212 4352 3510 4429 »Quando

215 4444 544 4511 domicellus
609 4468 790 4519 meus
859 4453 1141 4513 transivit
1205 4452 1284 4514 ad
1350 4453 1623 4531 Diuum,
1705 4452 1998 4516 dominus
2071 4471 2287 4516 comes
2369 4454 2487 4517 sihi
2558 4458 2921 4534 praesentari
2987 4457 3135 4517 fecit
3203 4456 3255 4517 X
3320 4472 3511 4515 marc.

217 4546 372 4609 Lub.·
421 4588 502 4598 —
547 4554 692 4615 Sine
739 4552 859 4615 die.

787 4656 1304 4721 Henenburgisches
1333 4657 1670 4709 Urkundenb.
1699 4658 1803 4709 vll.
1832 4657 2088 4713 495-98.
2153 4659 2363 4711 Brudst.
2389 4659 2599 4719 lLlsch,
2629 4658 2882 4711 Urkundl.
2906 4660 3219 4712 Gescbichtc
3238 4662 3285 4711 d.
3308 4660 3516 4711 Geschl.

789 4756 838 4793 v.
877 4743 1096 4795 Oertzen
1135 4744 1174 4803 l,
1213 4744 1444 4795 urkund.
1483 4746 1536 4795 S.
1563 4743 1648 4798 88.
1755 4804 1762 4810 ι

483 4844 700 4910 ’1463
790 4846 1162 4909 wambane!
1222 4846 1538 4911 Danorum
1603 4848 2088 4926 sclavorumque
2152 4851 2319 4925 regis
2388 4850 2638 4927 litterae,
2710 4848 2937 4928 quibus
3007 4850 3516 4911 sanctimoniales
3587 4848 3669 4902 12.
3706 4849 3887 4900 Deobr-

223 4944 274 5001 in
312 4946 417 5023 Oe,
473 4946 914 5025 Burglanensis
961 4949 1259 5029 diocesim
1319 4952 1378 5012 in
1429 4952 1881 5031 protectionem
1937 4968 2113 5012 suam
2164 4954 2430 5032 suscipit
2475 4954 2675 5030 iisque
2724 4970 2947 5029 magna
2984 4955 3129 5032 jura
3174 4970 3287 5033 pro
3335 4955 3515 5014 terris

224 5052 276 5103 et
311 5048 512 5110 villicis
555 5068 760 5114 earum
809 5050 1041 5114 tribuit.
1095 5088 1165 5098 --
1221 5052 1632 5131 Alcoersburqlt,
1678 5055 1743 5115 in
1790 5055 2068 5133 profesto
2113 5054 2177 5116 b.
2225 5055 2417 5117 Lucie
2464 5057 2739 5133 virginis.

791 5154 866 5219 Ny
901 5154 1170 5208 kirkchist.
1209 5156 1504 5219 samtingen
1541 5156 1597 5207 11.
1636 5156 1890 5212 331-32.
