4275 5759
1244 440 1249 445 ,
1368 384 1582 458 Kosa
1640 385 2033 458 VALnEMAR
2092 388 2484 459 ATrsRDAo.
3441 395 3590 468 307

1807 715 2057 798 1355.

585 896 778 961 2385,
868 896 1173 957 ΜΙοΙιοΙιοιι,
1210 846 1802 961 lirkundensammlung
1841 897 1901 947 ΙΙ.
1937 896 2195 952 440-41.

558 1031 777 1097 2215.
867 1034 1169 1096 loannes
1214 1033 1558 1098 Ntcmssou
1610 1036 1630 1095 i
1678 1034 1995 1113 Skarholt‚
2056 1035 2546 1096 Landsdommer
2591 1038 2606 1095 i
2657 1036 2928 1114 Skaane‚
2995 1037 3318 1113 Bsnnnmr,
3385 1035 3595 1098 Abbed

238 1136 259 1195 i
312 1134 718 1211 Aliehelgens
775 1136 1023 1197 Kioster
1078 1137 1189 1198 ved
1252 1137 1460 1214 Lund,
1520 1136 1709 1201 Jousu
1766 1136 2113 1199 Parnasson
2172 1137 2429 1214 Bruma,
2491 1138 2726 1198 Kannik
2786 1139 2803 1198 i
2855 1138 3063 1216 Lund,
3125 1140 3268 1201 Emit
3312 1137 3596 1218 Jsusson,

240 1236 479 1313 Praest,
542 1253 626 1314 og
670 1237 961 1299 Martinus
1007 1238 1295 1303 Tonsos
1344 1241 1361 1300 i
1410 1240 1792 1317 Brynulfflef,
1854 1239 2148 1317 Voebner,
2207 1239 2501 1318 bevidne,
2562 1246 2624 1299 at
2667 1238 2837 1301 Knut
2881 1240 3181 1302 Olofsson
3227 1242 3246 1301 i
3291 1240 3598 1316 Marsbog

238 1356 370 1418 paa
416 1338 697 1401 Skaanes
739 1340 1131 1417 Landsthing
1176 1342 1289 1403 har
1344 1341 1662 1421 tilskjodet
1708 1342 1811 1402 ΗΓ.
1859 1340 2298 1420 Benechinus,
2358 1341 2592 1403 Kantor
2651 1340 2762 1403 ved
2810 1342 3022 1405 Lunde
3074 1343 3438 1419 Domkirke‚
3499 1344 3598 1404 sin

240 1440 369 1501 net
424 1441 493 1501 til
553 1441 837 1503 Gaarden
902 1444 1211 1522 Eiafstorp
1266 1444 1287 1503 i
1342 1443 1553 1522 Ekeby
1611 1445 1803 1521 Sogn.
1854 1478 1929 1487 —
1983 1443 2246 1523 Laudis,
2311 1442 2568 1505 sabbato
2624 1460 2800 1523 prox.
2859 1452 3002 1506 ante
3061 1445 3222 1507 diem
3285 1443 3596 1506 cathedrae

240 1560 299 1604 s.
351 1542 520 1604 Petri
566 1550 771 1623 apost.
3353 1546 3596 1623 (Latin.)

876 1644 993 1697 Udt.
1030 1649 1046 1696 i
1084 1646 1279 1697 svensk
1314 1644 1494 1698 overs.
1534 1649 1551 1698 i
1585 1647 1820 1698 Svenska
1856 1646 2286 1699 Riks-Archtvets
2323 1645 2781 1711 Pergamentsbret
2809 1648 2848 1699 l.
2885 1647 2966 1702 67.

565 1782 784 1847 *2216.
879 1784 1112 1861 Hertug
1148 1784 1473 1846 VALnsnAn
1508 1785 1573 1845 at*
1591 1784 1829 1863 Jylland
1869 1785 2219 1846 stadfaester
2254 1784 2686 1863 Rudkjobings
2724 1784 3037 1847 Friheder.
3075 1818 3158 1829 —
3194 1783 3596 1863 Rudkjobiny,

248 1886 445 1947 femte
502 1884 715 1962 Dagen
765 1886 921 1947 efter
966 1885 1275 1948 Midiaste.

875 1986 1218 2046 Rasmussen,
1257 1987 1467 2053 Oplysn.
1506 1988 1705 2040 betraef.
1748 1987 2076 2052 Rudkjebing
2113 1988 2166 2039 S.
2197 1987 2419 2041 53-54.

566 2122 782 2187 ‘2211
874 2124 1170 2187 flaturus
1206 2125 1439 2188 Batros
1474 2126 1744 2202 armiger
1779 2126 2176 2204 subscriptus
2215 2125 2597 2203 principalis,
2633 2124 2938 2187 Nicotaus
2972 2142 3048 2187 ns
3082 2126 3358 2187 Lausus
3392 2125 3598 2187 dictus

244 2225 442 2304 liuor,
476 2226 682 2304 miles,
720 2234 783 2288 et
817 2226 1171 2289 Hsnrwtcus
1210 2228 1442 2290 Basrnn
1479 2235 1968 2305 recognoscunt,
2010 2246 2077 2290 se
2114 2228 2403 2289 manibus
2440 2227 2806 2289 coadunatis
2840 2228 3242 2289 Woldemaro
3278 2228 3596 2291 Danorum

242 2329 383 2404 regi
431 2329 497 2388 in
546 2330 799 2405 triginta
842 2332 1070 2391 marcis
1116 2332 1256 2410 puri
1307 2332 1582 2405 argentis
1631 2330 1940 2407 obligatos
1988 2330 2218 2407 teneri,
2277 2345 2391 2408 pro
2452 2347 2573 2407 qua
2617 2312 2861 2391 summa
2907 2332 3040 2406 regi
3086 2332 3321 2391 curiam
3365 2329 3597 2392 Heirici

242 2432 527 2508 Breyde‚
590 2431 814 2493 dictam
864 2433 1177 2508 Longhoit
1234 2434 1295 2493 in
1341 2432 1716 2511 Wendesysl
1774 2439 1834 2493 et
1880 2432 2294 2511 Kyerherreth
2351 2433 2562 2507 sitam,
2625 2448 2767 2493 cum
2825 2434 3051 2493 ceteris
3101 2432 3282 2493 bonis
3343 2433 3476 2493 suis
3532 2433 3597 2493 in

248 2533 679 2612 Kyerherreth
726 2534 905 2595 dictae
954 2534 1140 2595 curiae
1188 2534 1617 2613 adjacentibus
1662 2536 2103 2612 impignorant.
2157 2570 2228 2578 —
2283 2534 2550 2596 Sabbato
2595 2533 2813 2595 Pasce.
2923 2568 2930 2575 -

873 2635 1125 2687 ZeItsebr.
1164 2637 1199 2687 t.
1239 2636 2055 2701 Schleswig-Holstein-Lauenb.
2094 2636 2285 2687 Gescb.
2325 2636 2406 2688 ΙΙΙ.
2443 2635 2700 2690 215-16.

562 2770 783 2836 *2218
874 2772 1219 2836 Νιειιοιᾼυε
1246 2772 1584 2838 ΝιοιΑεεοιι
1624 2775 2045 2851 recognoscit,
2084 2791 2154 2833 se
2191 2774 2467 2834 Thwriro
2497 2772 2849 2835 Nicloesson
2885 2774 2946 2833 in
2986 2774 3342 2849 quindecim
3381 2774 3597 2835 solidis

240 2889 624 2951 grossorum
673 2874 1131 2937 Turonensium
1182 2876 1278 2935 vel
1322 2876 1384 2935 in
1432 2876 1788 2953 quindecim
1834 2877 2059 2937 marcis
2108 2876 2502 2937 denariorum
2553 2876 2964 2936 Skanensium
3013 2874 3351 2951 obligatum
3403 2878 3599 2937 teneri

238 2984 311 3038 et
370 2992 485 3055 pro
532 2976 651 3039 hac
699 2994 943 3039 summa
989 2979 1045 3039 ei
1090 2976 1257 3039 bona
1302 2994 1417 3039 sua
1459 2979 1524 3040 in
1571 2978 1856 3041 Mudenae
1917 2986 1977 3040 et
2022 2979 2311 3040 Gestlase
2368 2980 2764 3057 impignorat.
2821 3012 2884 3020 —
2942 2976 3116 3038 Feria
3161 2979 3376 3055 quinta
3419 2995 3595 3058 prox.

238 3084 399 3157 post
443 3078 853 3141 ebdomadam
898 3080 1115 3141 Pasce.

870 3181 1077 3242 noller,
1125 3182 1614 3245 Foru-Handlingar
1658 3142 1887 3233 rotanda
1940 3181 2159 3233 tialland
2207 3184 2259 3233 S.
2297 3180 2381 3235 80.
2452 3179 2570 3232 Udt.
2611 3183 2628 3231 i
2666 3180 2858 3232 svensk
2900 3180 3080 3231 Overs.
3117 3182 3136 3231 i
3173 3180 3408 3233 Svenska
3444 3180 3596 3233 Riks-

873 3266 1148 3319 Arcbivets
1185 3265 1644 3331 Pergamentsbret
1674 3267 1711 3317 1.
1750 3267 1831 3320 70.

586 3401 778 3467 2388,
871 3403 1048 3454 Dansk
1083 3404 1263 3455 Overs.
1300 3406 1319 3453 i
1356 3404 1651 3467 Samltnger
1688 3408 1723 3455 t.
1756 3403 1908 3467 sydsk
1946 3406 2075 3455 iiist.
2114 3417 2180 3468 og
2215 3404 2434 3468 Topogr.
2472 3402 2528 3453 V.
2565 3402 2822 3456 311—12.

562 3538 784 3603 *221·9.
878 3540 1189 3603 Consumis
1248 3540 1323 3601 de
1372 3540 1615 3603 Cursu
1662 3540 1740 3601 ad
1797 3543 2102 3601 civitatem
2151 3540 2562 3601 Lubicensem
2623 3540 2936 3619 scribunt,
2996 3558 3064 3601 se
3110 3547 3394 3620 promtos
3451 3558 3594 3602 esse

242 3659 547 3719 causam,
620 3659 803 3719 quam
868 3643 1165 3705 consules
1224 3645 1535 3704 civitatum
1596 3643 2205 3721 StralessundensiS‚
2277 3642 2766 3703 Rozstoccensis
2834 3649 2898 3704 et
2949 3643 3420 3705 Wismariensis
3477 3644 3596 3704 sibi

242 3748 597 3807 occasione
647 3744 1064 3807 dissensionis
1122 3744 1447 3825 cujusdam
1496 3746 1557 3806 in
1605 3746 1831 3808 Skania
1878 3747 2191 3807 suscitatae
2239 3750 2556 3822 moveant,
2617 3762 2815 3823 usque
2873 3745 2948 3806 ad
2994 3746 3222 3806 festum
3271 3746 3329 3806 b.
3378 3745 3596 3808 Jacobi

244 3847 513 3925 majoris
560 3849 907 3927 proximum
959 3865 1333 3926 suspensam
1379 3854 1613 3909 tenere.
1666 3884 1741 3893 —
1790 3847 1967 3909 Feria
2010 3854 2184 3908 sexta
2227 3853 2375 3926 post
2417 3847 2792 3909 dominicam
2839 3848 3126 3925 iubilate,
3177 3849 3311 3909 sine
3357 3865 3544 3909 anno.

873 3949 1256 4002 Etrusci-ecesse
1292 3950 1329 4000 1.
1368 3950 1483 4003 121.

564 4084 781 4150 *2220.
871 4087 1295 4150 Wstnusnus
1332 4104 1437 4149 rex
1473 4090 1535 4148 in
1576 4086 1805 4165 placito
1843 4104 1957 4149 suo
2000 4087 2338 4165 justitiario
2377 4084 2711 4147 heredibus
2758 4085 2991 4146 domini
3029 4085 3194 4148 Petri
3229 4086 3592 4149 Waendelbo

244 4190 423 4250 bona
490 4188 771 4267 quaedam
839 4192 903 4250 in
969 4189 1233 4268 Lesten,
1300 4189 1557 4269 prierato
1626 4189 1880 4250 domino
1942 4190 2122 4251 Petro
2185 4189 2260 4250 de
2331 4190 2596 4268 quodam
2657 4188 2960 4249 Nichoiao
3022 4188 3094 4249 ΘΙ
3164 4206 3278 4268 pro
3347 4190 3593 4251 defectu

249 4290 716 4371 expeditionum
764 4308 877 4371 per
921 4290 1229 4354 discretos
1274 4292 1443 4353 viros
1492 4292 1769 4370 legaiiter
1826 4294 2160 4369 aestimata,
2220 4291 2554 4372 adjudicat.
2613 4326 2696 4336 —
2755 4290 3055 4370 Randrus,
3105 4292 3257 4353 feria
3301 4292 3399 4351 tv.
3447 4298 3596 4371 post

249 4396 485 4455 festum
534 4392 912 4469 Walbu'rgis.
1340 4476 1349 4487 .

872 4496 929 4545 Η.
960 4495 1177 4557 Matreu,
1215 4497 1320 4549 Dan
1361 4496 1559 4548 danske
1598 4498 1864 4548 Pantsrets
1901 4495 2031 4548 nist.
2068 4496 2120 4547 S.
2151 4494 2268 4550 108.

590 4616 783 4681 2390,
874 4615 1182 4680 Brudstykk.
1220 4618 1235 4667 Ι
1272 4616 1455 4677 Hvass,
1494 4616 1834 4668 Heddelelser
1869 4629 1955 4667 om
1994 4615 2249 4668 Personer
2284 4629 2349 4680 og
2385 4616 2628 4667 Familier
2665 4616 2721 4667 af
2751 4616 2952 4666 Navnet
2985 4614 3121 4667 Hvas
3157 4615 3237 4666 nt.
3276 4614 3562 4669 101—102.

563 4750 784 4818 2221.
873 4753 1094 4817 Entcus
1148 4752 1521 4833 Ntctnsson,
1578 4755 1792 4833 miles,
1857 4754 2173 4830 quondam
2231 4754 2614 4816 marscalcus
2673 4754 2839 4829 regis
2899 4751 3134 4831 Daciae,
3195 4754 3325 4829 regi
3384 4753 3591 4814 omnia

250 4856 453 4933 bona,
534 4870 669 4933 quai
742 4873 779 4917 a
841 4855 1244 4918 bundonibus
1315 4858 1377 4916 in
1444 4856 1843 4917 Hanehereth
1916 4862 1977 4917 et
2041 4856 2584 4934 Nesbot'yaerthing
2651 4855 3096 4934 acquisiverat,
3179 4856 3454 4932 resignat
3531 4860 3594 4916 et

251 4956 507 5020 residua
550 4958 717 5019 bona
759 4958 1161 5039 bundonum,
1222 4976 1336 5039 pro
1384 4960 1609 5037 quibus
1646 4960 1900 5038 plenum
1935 4959 2202 5038 pretium
2241 4976 2368 5039 non
2405 4959 2680 5037 dederat,
2730 4958 3212 5037 possessoribus
3248 4956 3587 5019 eorundem

248 5066 573 5123 rescotare
620 5078 689 5124 sc
736 5061 989 5138 obligat.
1038 5096 1120 5106 ——
1165 5063 1435 5141 Armius,
1486 5062 1742 5123 sabbato
1790 5080 1963 5141 prox.
2014 5067 2158 5140 post
2205 5062 2366 5122 diem
2413 5063 2472 5122 b.
2514 5061 2820 5123 lobannis
2855 5068 2996 5123 ante
3035 5066 3275 5141 portam
3314 5061 3586 5123 latinam.

872 5165 1085 5224 namet,
1128 5165 1265 5215 Fam.
1306 5165 1702 5217 Rosenkrantz's
1739 5164 1869 5216 Hist.
1906 5164 1943 5224 1,
1984 5163 2206 5229 Diplom.
2245 5164 2298 5215 S.
2332 5164 2480 5217 1—2.

3080 5280 3178 5338 89*ι

3719 712 3907 781 1355.

3669 901 3752 956 13.
3786 901 4001 955 Ianuar.

3668 1038 3752 1092 21.
3790 1040 3937 1091 Febr.

3670 1788 3753 1842 19.
3791 1788 3972 1839 Martii.

3669 2130 3718 2184 4.
3754 2129 3963 2195 Aprilis.

3668 2778 3751 2832 16.
3787 2778 4000 2843 Aprilis.

3667 3408 3750 3462 19.
3787 3408 3998 3472 Aprilis.

3665 3545 3714 3598 1.
3753 3546 3882 3607 Maii.

3664 4089 3714 4143 6.
3751 4090 3880 4151 Hau.

3660 4617 3708 4669 9.
3750 4618 3879 4678 Mali.

3660 4753 3708 4805 9.
3750 4753 3880 4815 Maii.
