4275 5759
448 514 634 582 1376.

432 1221 642 1286 13767

361 1373 409 1427 7.
448 1374 690 1426 Octobm

317 1957 714 2026 1376-1387.

313 2111 395 2167 13.
415 2127 463 2165 v.
482 2113 719 2168 ausum.

446 3264 625 3330 1377.

390 3418 436 3472 7.
473 3418 693 3474 lanuar-

450 3521 501 3574 2.
540 3522 686 3574 Febr.

452 3937 503 3991 2.
540 3935 686 3988 Febr.

420 4435 498 4490 15.
538 4435 689 4491 Febra

762 349 907 424 398
2178 346 2398 422 Kone
2452 346 2669 423 Omr.

1063 621 1282 688 *2966.
1372 624 1917 708 Transsumptum,
1964 623 2041 687 ab
2078 624 2348 688 Hssmco
2385 642 2460 686 ns
2497 623 2916 703 orni-susm«,
2963 622 3470 686 commendatore
3504 622 3795 703 Bentian,
3843 623 4098 702 editum,

758 725 1099 788 litterarum
1147 726 1443 806 Saxonis,
1503 729 1809 808 capitanei
1855 729 2023 805 regis
2071 727 2280 789 Dacioe
2329 729 2462 802 (cfr.
2514 743 2607 789 nr.
2646 725 2816 802 992).
2910 726 3128 789 Addita
3178 732 3278 788 est
3321 727 3711 788 confirmatio
3759 726 4098 789 Detbberni

757 827 1159 909 Hevenstrid,
1219 829 1432 892 clerici
1477 829 1889 892 Slesvicensis
1937 830 2248 910 diocesis,
2297 831 2604 911 imperiali
2649 831 3016 894 auctoritate
3061 827 3296 909 publici
3340 829 3584 892 notarii.
3634 866 3716 876 -
3763 830 3837 891 Iu
3879 836 4101 890 minori

755 937 945 992 castro
988 929 1272 1011 Revalt'ae,
1320 935 1461 1011 ipso
1511 932 1607 994 die
1652 933 1713 994 b.
1764 931 1929 996 Petri
1976 941 2037 995 et
2080 932 2256 995 Pauli
2301 939 2504 1013 apost.

1371 1036 1570 1099 Bungo.
1610 1034 1769 1096 latre,
1807 1035 1983 1088 Estb.-
2021 1048 2074 1086 u.
2115 1035 2532 1088 Curiandlscbcs
2570 1034 2909 1088 urkundenb.
2948 1033 3032 1085 111.
3067 1033 3321 1090 319—20.

2300 1227 2580 1312 1376?

1067 1377 1284 1444 *2967.
1375 1380 1752 1444 Hsnmncnus
1813 1397 1887 1442 nr
1932 1379 2280 1458 Pontinus,
2340 1381 2701 1460 capitaneus
2759 1378 2937 1456 regni
2980 1377 3204 1456 Dacie,
3263 1379 3618 1457 Haquinum
3665 1379 3890 1442 Suecie
3935 1379 4096 1441 Nor-

758 1498 1051 1560 weyeque
1097 1499 1307 1559 regem
1356 1488 1565 1560 rogat,
1621 1489 1687 1546 nt
1732 1499 2003 1546 unacum
2052 1482 2344 1544 Conrado
2389 1481 2621 1545 Moltke
2669 1482 2936 1544 Havenis
2983 1482 3221 1559 veniat,
3279 1487 3341 1544 et
3396 1483 3451 1542 ei
3497 1483 3717 1561 refert,
3778 1482 4095 1545 dominum

760 1583 1317 1663 Magnopolenscm
1387 1585 1671 1648 inducias
1738 1602 1942 1663 usque
2011 1585 2087 1646 ad
2156 1587 2386 1646 festum
2457 1603 2508 1646 s.
2570 1584 2874 1647 lobannis
2941 1583 3208 1662 baptiste
3275 1591 3489 1646 tenere
3554 1586 3954 1665 promisisse.
4019 1619 4096 1630 —

756 1685 1240 1765 Callundborqis,
1290 1689 1483 1750 tercia
1526 1687 1679 1750 feria
1722 1705 1896 1770 prox.
1946 1694 2092 1750 ante
2145 1688 2423 1766 Dyonisii
2469 1689 2664 1768 episc.
2713 1686 2896 1764 glor„
2945 1689 3079 1748 sine
3126 1704 3313 1748 anno.

1372 1789 1709 1854 Dlplomstar.
1747 1791 1965 1855 Norveg.
2002 1790 2063 1841 ΙΙ.
2100 1789 2360 1844 343-44.
2433 1791 2619 1842 Brevet
2651 1789 2872 1842 tilbercr
2907 1788 3073 1853 mullg
3111 1790 3214 1840 Aur
3249 1787 3537 1844 1369-70.

2112 1963 2738 2050 -1376-1387,

1063 2115 1283 2208 ’2968
1375 2117 1685 2179 Consonus
1734 2133 2021 2180 civinris
2066 2114 2419 2179 ancnusns
2471 2113 2838 2179 consulibus
2895 2117 2957 2177 in
3006 2117 3281 2178 Danczik
3328 2117 3645 2194 nuntiant,
3707 2134 3777 2180 se
3839 2123 3902 2178 et
3947 2120 4098 2182 civi-

756 2222 915 2280 tates
972 2221 1207 2281 vicinas
1266 2219 1652 2296 decrevisse,
1712 2237 1918 2298 nequa
1975 2221 2190 2281 civitas
2248 2221 2632 2281 mercancias
2688 2235 2907 2281 versus
2963 2236 3159 2298 aquas
3219 2220 3440 2297 maris,
3501 2235 3634 2298 quae
3693 2219 3772 2281 ad
3817 2218 4098 2300 Daciam,

759 2321 1045 2384 Sueciam
1097 2329 1205 2384 aut
1248 2322 1634 2398 Norwcgiam
1696 2321 2112 2401 deducantur,
2176 2323 2357 2385 educi
2413 2325 2799 2402 permitteret
2841 2339 2995 2385 uevc
3054 2323 3194 2399 quis
3252 2323 3403 2386 civis
3461 2320 3537 2384 de
3583 2323 3900 2385 civitatum
3950 2342 4099 2404 por-

756 2423 945 2486 tubus
992 2423 1246 2488 deberet
1288 2425 1364 2486 ad
1413 2425 1695 2486 Scaniam
1744 2425 2097 2505 profiscisci
2144 2442 2258 2505 pro
2304 2425 2566 2487 allecum
2617 2425 2942 2504 salsatura,
2999 2425 3165 2504 quod
3211 2423 3576 2504 depraedatae
3625 2427 3753 2488 sint
3796 2443 3994 2488 naves
4041 2429 4099 2488 in

759 2533 945 2607 por-tu
988 2527 1397 2592 Noressunde
1446 2535 1507 2589 et
1550 2527 1716 2589 alibi.
1764 2561 1847 2573 -
1896 2527 2287 2606 Margarethe
2331 2530 2486 2605 virg.
2537 2536 2752 2598 sancte
2800 2528 2920 2607 die,
2971 2531 3105 2590 sine
3153 2543 3340 2589 anno.

1373 2631 1755 2682 Hausereccsse
1794 2629 1874 2682 ΙΙΙ.
1911 2630 2167 2685 296-97.
2240 2630 2339 2682 Om
2376 2629 2538 2682 Tiden
2571 2631 2690 2692 Jvrr.
2728 2629 2888 2682 sstds.
2925 2631 2978 2682 S.
3008 2630 3124 2684 294.

1065 2733 1285 2800 *2969.
1377 2733 1685 2798 Consumis
1744 2751 1817 2796 on
1862 2735 2123 2797 Dasszix
2182 2733 2548 2796 consulibus
2604 2733 3057 2796 Lubicensibus
3105 2732 3418 2812 scribunt,
3479 2751 3548 2796 se
3591 2733 3830 2797 litteras
3877 2751 4098 2796 eorum

760 2836 836 2898 de
884 2838 1091 2898 causis
1138 2838 1299 2900 inter
1344 2855 1553 2914 regem
1604 2837 1867 2916 Swecie,
1928 2837 2267 2914 Norwegioe
2325 2843 2511 2916 atque
2564 2853 2673 2898 eos
2723 2855 2794 2898 ex
2841 2842 3012 2916 parte
3061 2843 3238 2897 terrae
3289 2837 3508 2898 Scanie
3555 2835 3683 2912 (Nr.
3719 2835 3942 2910 *2968)
3991 2849 4098 2899 ac·

760 2941 1040 3020 cepisse,
1100 2940 1211 3001 sed
1271 2941 1500 3002 multos
1562 2941 1729 3002 cives
1786 2947 1963 3003 terrae
2010 2938 2282 3002 Prussiae
2330 2943 2458 3020 jam
2518 2956 2737 3002 versus
2785 2939 3070 3001 Scaniam
3129 2939 3373 3017 navigio
3429 2939 3877 3020 declinavisse,
3937 2957 4100 3018 quos

755 3058 1049 3106 revocare
1095 3060 1221 3105 non
1269 3045 1537 3124 possint.
1586 3078 1669 3089 —
1718 3045 1861 3106 Sine
1908 3058 2095 3105 anno.

876 3141 881 3146 '
1372 3145 1756 3198 Hauserscesse
1792 3145 1875 3197 nl.
1912 3144 2031 3199 297.

2310 3267 2558 3352 1377.

1094 3419 1286 3485 2704,
1376 3419 1676 3478 Mlcbelsen,
1714 3419 2309 3484 Urkundensammlung
2344 3419 2405 3470 ΙΙ.
2442 3417 2559 3472 407.

1064 3522 1283 3588 22970.
1372 3521 1603 3588 Ριτκυε
1642 3525 2039 3602 Διυικτιεοιι,
2082 3523 2284 3602 miles,
2332 3521 2407 3584 D.
2445 3521 2716 3584 Johanni
2750 3522 3032 3600 Andreae,
3082 3520 3281 3598 militi,
3328 3519 3406 3582 de
3443 3519 3808 3600 Esaendorp,
3858 3523 4098 3584 curiam

759 3627 1150 3688 Ornehowaet
1208 3632 1269 3688 et
1324 3627 1534 3688 omnia
1588 3626 1756 3688 bona
1812 3642 1926 3688 sua
1982 3628 2044 3686 in
2102 3626 2400 3706 parochia
2446 3625 2728 3706 Cristorp
2775 3641 2888 3706 pro
2935 3623 3064 3688 500
3107 3624 3338 3686 marcis
3383 3625 3624 3700 argenti
3679 3625 3822 3704 puri
3867 3625 4098 3704 impig-

758 3736 957 3791 norat.
1006 3764 1088 3774 -
1135 3728 1246 3791 Die
1293 3727 1745 3808 purificationis
1790 3729 2003 3791 Marie.

1372 3831 1585 3891 Barner,
1627 3831 1766 3882 Fam.
1804 3830 2205 3883 Rosenkrantz's
2242 3828 2372 3882 Hist.
2410 3828 2448 3890 1,
2488 3830 2709 3896 Dlplom.
2749 3830 2802 3881 S.
2835 3829 3054 3884 19—20.

1064 3935 1283 4000 *29st
1373 3933 1523 3997 Nms
1582 3921 1894 3998 Kuurssori
1954 3939 2318 4015 pantsaetter
2374 3935 2440 3995 til
2501 3932 2682 3995 Arvid
2741 3933 3078 3994 Arvidsson
3139 3932 3235 3994 for
3291 3948 3368 3993 en
3417 3931 3613 4012 Gjaeld
3667 3933 3736 3993 al*
3783 3931 3872 3998 30
3923 3933 4098 3994 Mark

760 4041 983 4102 svensk
1044 4038 1160 4100 alle
1215 4038 1289 4099 de
1337 4037 1742 4117 Ejendomme
1802 4038 1819 4098 i
1866 4036 2440 4116 Sonder-Halland,
2501 4053 2636 4099 som
2696 4037 2818 4098 ban
2875 4036 2988 4097 har
3042 4035 3204 4097 faaet
3255 4034 3324 4095 af
3364 4033 3598 4097 Cecilia
3639 4034 4098 4114 Bjornsdatter‚

758 4141 989 4219 ncmlig
1038 4140 1425 4220 Baawaryth,
1483 4140 1847 4220 Draengsryt
1891 4157 1971 4218 og
2020 4138 2321 4219 Odensjo.
2382 4174 2462 4185 —
2519 4139 2882 4219 Wathstena,
2941 4139 3039 4200 die
3085 4136 3391 4217 purificat.
3441 4136 3499 4199 b.
3547 4137 3758 4202 Marioe
3805 4138 3958 4214 virg.

1370 4327 1488 4381 Udt.
1525 4331 1543 4380 l
1581 4328 1776 4381 svcnsk
1812 4328 1993 4381 oven.
2030 4330 2049 4379 l
2085 4328 2322 4380 Svenska
2358 4327 2786 4380 les-Arcbivots
2823 4326 3280 4391 Pergamentsbret
3310 4325 3346 4376 1.
3383 4323 3502 4380 386.
3851 4239 4098 4317 (Lanu)

1064 4431 1283 4497 *2972
1377 4431 1689 4496 Consonus
1726 4430 2025 4495 thsusss
2063 4431 2432 4495 consulibus
2479 4433 2742 4493 civitatis
2779 4429 3164 4493 Revaliensis
3209 4431 3521 4508 nuntiant,
3568 4429 4098 4509 compositionem

760 4540 920 4599 inter
976 4553 1185 4614 regem
1245 4536 1560 4597 Danorum
1621 4542 1681 4597 et
1740 4534 1961 4597 ducem
2016 4535 2576 4614 Magnopolensem
2633 4534 2857 4596 factam
2917 4549 3094 4612 esse3
3153 4533 3336 4594 etiam
3392 4548 3431 4593 a
3484 4533 3722 4594 nuntiis
3779 4533 4098 4594 civitatum

759 4640 1014 4702 Peronae
1054 4639 1453 4715 congregatis
1493 4637 1939 4699 concordatum
1978 4655 2145 4715 esse,
2193 4643 2262 4699 ut
2304 4631 2516 4717 naves,
2565 4652 2675 4716 per
2709 4635 3026 4698 Norssunt
3060 4634 3364 4700 velificare
3401 4635 3704 4714 volentes,
3750 4635 3814 4696 in
3853 4633 4102 4697 Prulzia

760 4759 955 4822 prope
992 4740 1182 4821 Heyle
1230 4740 1598 4818 congregari
1645 4738 1942 4819 debeant3
1991 4740 2414 4802 Hermannum
2465 4739 2539 4802 de
2575 4739 2744 4800 Hove
2780 4739 3220 4819 proconsulem
3261 4736 3694 4800 Revaliensem
3734 4739 4098 4818 scripsisse,

763 4843 1220 4906 Gotlandenses
1267 4858 1392 4904 non
1441 4859 1555 4922 pro
1599 4842 1811 4920 Danis,
1862 4843 1972 4905 sed
2018 4859 2133 4923 pro
2181 4841 2632 4905 mercatoribus
2673 4841 3083 4905 Theutonicis
3130 4858 3374 4903 servare
3422 4847 3484 4903 et
3527 4847 3741 4904 tenere
3787 4839 3967 4903 velle.
4017 4875 4098 4886 —-

764 4937 1057 5026 Sequenti
1108 4945 1202 5007 dic
1249 4945 1311 5008 b.
1357 4944 1671 5006 Valentini
1717 4947 2006 5025 martiriS,
2056 4947 2192 5007 sine
2239 4962 2426 5007 anno.

1372 5049 1580 5110 Bungo.
1628 5047 1797 5107 Live,
1846 5047 2022 5098 Estb.-
2066 5060 2120 5098 u.
2159 5047 2570 5099 Curiandiscbes
2607 5047 2945 5100 Urkundenb.
2993 5047 3074 5098 111.
3111 5047 3214 5102 204
3256 5047 3489 5112 (nenton
3520 5045 3583 5098 til
3621 5045 3822 5112 13682).
3895 5047 4102 5099 Hause-

1372 5145 1581 5188 recosse
1616 5133 1675 5186 ll.
1715 5131 1831 5188 154.
